
    <marc:record>
        <marc:leader>02295cam a2200469Ia 4500</marc:leader>
        <marc:controlfield tag="001">ocm09247156</marc:controlfield>
        <marc:controlfield tag="003">OCoLC</marc:controlfield>
        <marc:controlfield tag="005">20131017112930.0</marc:controlfield>
        <marc:controlfield tag="008">830223s1756    gw f          001 0 ger  </marc:controlfield>
        <marc:datafield tag="010" ind1=" " ind2=" ">
            <marc:subfield code="a">28004414</marc:subfield>
        </marc:datafield>
        <marc:datafield tag="035" ind1=" " ind2=" ">
            <marc:subfield code="a">(OCoLC)9247156</marc:subfield>
        </marc:datafield>
        <marc:datafield tag="040" ind1=" " ind2=" ">
            <marc:subfield code="a">DLC</marc:subfield>
            <marc:subfield code="c">VXJ</marc:subfield>
            <marc:subfield code="d">VXJ</marc:subfield>
            <marc:subfield code="d">OCLCQ</marc:subfield>
            <marc:subfield code="e">dcrmb</marc:subfield>
            <marc:subfield code="d">EYM</marc:subfield>
            <marc:subfield code="d">OCLCA</marc:subfield>
        </marc:datafield>
        <marc:datafield tag="049" ind1=" " ind2=" ">
            <marc:subfield code="a">TFWW</marc:subfield>
        </marc:datafield>
        <marc:datafield tag="050" ind1=" " ind2="4">
            <marc:subfield code="a">BM720.O3</marc:subfield>
            <marc:subfield code="b">A5 1756</marc:subfield>
        </marc:datafield>
        <marc:datafield tag="100" ind1="1" ind2=" ">
            <marc:subfield code="a">Anton, Carl,</marc:subfield>
            <marc:subfield code="d">1722-</marc:subfield>
        </marc:datafield>
        <marc:datafield tag="245" ind1="1" ind2="0">
            <marc:subfield code="a">Carl Anton, der Weltweisheit Doktor und öffentlicher ordentlicher Professor auf der Herzogl. Julius-Carls-Universität in Helmstädt Einleitung in die rabbinischen Rechte :</marc:subfield>
            <marc:subfield code="b">dabey insonderheit von einem Judeneide, wie solchen eine christliche Obrigkeit am verbindlichsten abnehmen kann umständlich ist gehandelt worden.</marc:subfield>
        </marc:datafield>
        <marc:datafield tag="246" ind1="3" ind2="0">
            <marc:subfield code="a">Einleitung in die rabbinischen Rechte</marc:subfield>
        </marc:datafield>
        <marc:datafield tag="260" ind1=" " ind2=" ">
            <marc:subfield code="a">Braunschweig :</marc:subfield>
            <marc:subfield code="b">verlegt von Friedrich Wilhelm Meyer,</marc:subfield>
            <marc:subfield code="c">1756.</marc:subfield>
        </marc:datafield>
        <marc:datafield tag="300" ind1=" " ind2=" ">
            <marc:subfield code="a">[28], 322, [18] p., [3] folded leaves of plates ;</marc:subfield>
            <marc:subfield code="c">18 cm (8vo)</marc:subfield>
        </marc:datafield>
        <marc:datafield tag="500" ind1=" " ind2=" ">
            <marc:subfield code="a">In part a refutation of Eisenmenger's aspersions in his Entdecktes Judenthum.</marc:subfield>
        </marc:datafield>
        <marc:datafield tag="500" ind1=" " ind2=" ">
            <marc:subfield code="a">Head- and tailpieces.</marc:subfield>
        </marc:datafield>
        <marc:datafield tag="500" ind1=" " ind2=" ">
            <marc:subfield code="a">Includes index.</marc:subfield>
        </marc:datafield>
        <marc:datafield tag="500" ind1=" " ind2=" ">
            <marc:subfield code="a">Signatures: )(⁸ 2)(⁶ A-X⁸ Y². Q3 mis-signed Q5.</marc:subfield>
        </marc:datafield>
        <marc:datafield tag="500" ind1=" " ind2=" ">
            <marc:subfield code="a">Errors in pagination: 210 as 110.</marc:subfield>
        </marc:datafield>
        <marc:datafield tag="541" ind1="1" ind2=" ">
            <marc:subfield code="c">Gift ;</marc:subfield>
            <marc:subfield code="a">Prof. Edward J. Young ;</marc:subfield>
            <marc:subfield code="d">1888.</marc:subfield>
            <marc:subfield code="5">MMeT</marc:subfield>
        </marc:datafield>
        <marc:datafield tag="561" ind1=" " ind2=" ">
            <marc:subfield code="a">Tisch Library Special Collections copy: Unidentified armorial bookplate.</marc:subfield>
            <marc:subfield code="5">MMeT</marc:subfield>
        </marc:datafield>
        <marc:datafield tag="506" ind1=" " ind2=" ">
            <marc:subfield code="a">Access restricted: Apply to the curator of rare books.</marc:subfield>
            <marc:subfield code="5">MMeT</marc:subfield>
        </marc:datafield>
        <marc:datafield tag="650" ind1=" " ind2="0">
            <marc:subfield code="a">Oaths (Jewish law)</marc:subfield>
            <marc:subfield code="v">Early works to 1800.</marc:subfield>
        </marc:datafield>
        <marc:datafield tag="650" ind1=" " ind2="0">
            <marc:subfield code="a">Judaism</marc:subfield>
            <marc:subfield code="x">Customs and practices</marc:subfield>
            <marc:subfield code="v">Early works to 1800.</marc:subfield>
        </marc:datafield>
        <marc:datafield tag="650" ind1=" " ind2="0">
            <marc:subfield code="a">Jews</marc:subfield>
            <marc:subfield code="x">Social life and customs</marc:subfield>
            <marc:subfield code="v">Early works to 1800.</marc:subfield>
        </marc:datafield>
        <marc:datafield tag="655" ind1=" " ind2="7">
            <marc:subfield code="a">Octavo format (Printing)</marc:subfield>
            <marc:subfield code="2">rbpri</marc:subfield>
        </marc:datafield>
        <marc:datafield tag="655" ind1=" " ind2="7">
            <marc:subfield code="a">Armorial bookplates (Provenance)</marc:subfield>
            <marc:subfield code="2">rbprov</marc:subfield>
            <marc:subfield code="5">MMeT</marc:subfield>
        </marc:datafield>
        <marc:datafield tag="700" ind1="1" ind2=" ">
            <marc:subfield code="a">Eisenmenger, Johann Andreas,</marc:subfield>
            <marc:subfield code="d">1654-1704.</marc:subfield>
            <marc:subfield code="t">Entdecktes Judenthum.</marc:subfield>
        </marc:datafield>
        <marc:datafield tag="700" ind1="1" ind2=" ">
            <marc:subfield code="a">Meyer, Friedrich Wilhelm,</marc:subfield>
            <marc:subfield code="d">active 1722-1774,</marc:subfield>
            <marc:subfield code="e">printer.</marc:subfield>
        </marc:datafield>
        <marc:datafield tag="700" ind1="1" ind2=" ">
            <marc:subfield code="a">Young, Edward J.</marc:subfield>
            <marc:subfield code="q">(Edward James),</marc:subfield>
            <marc:subfield code="d">1829-1906,</marc:subfield>
            <marc:subfield code="e">donor.</marc:subfield>
            <marc:subfield code="5">MMeT</marc:subfield>
        </marc:datafield>
        <marc:datafield tag="752" ind1=" " ind2=" ">
            <marc:subfield code="a">Germany</marc:subfield>
            <marc:subfield code="d">Braunschweig.</marc:subfield>
        </marc:datafield>
        <marc:datafield tag="907" ind1=" " ind2=" ">
            <marc:subfield code="a">.b10101366</marc:subfield>
            <marc:subfield code="b">02-10-14</marc:subfield>
            <marc:subfield code="c">04-20-04</marc:subfield>
        </marc:datafield>
        <marc:datafield tag="998" ind1=" " ind2=" ">
            <marc:subfield code="a">t</marc:subfield>
            <marc:subfield code="b">02-04-14</marc:subfield>
            <marc:subfield code="c">m</marc:subfield>
            <marc:subfield code="d">a</marc:subfield>
            <marc:subfield code="e">-</marc:subfield>
            <marc:subfield code="f">ger</marc:subfield>
            <marc:subfield code="g">gw </marc:subfield>
            <marc:subfield code="h">0</marc:subfield>
            <marc:subfield code="i">0</marc:subfield>
        </marc:datafield>
        <marc:datafield tag="910" ind1=" " ind2=" ">
            <marc:subfield code="a">66 01/2014 </marc:subfield>
        </marc:datafield>
        <marc:datafield tag="910" ind1=" " ind2=" ">
            <marc:subfield code="a">NO LTI </marc:subfield>
        </marc:datafield>
        <marc:datafield tag="994" ind1=" " ind2=" ">
            <marc:subfield code="a">C0</marc:subfield>
            <marc:subfield code="b">TFW</marc:subfield>
        </marc:datafield>
        <marc:datafield tag="945" ind1=" " ind2=" ">
            <marc:subfield code="a">BM720.O3</marc:subfield>
            <marc:subfield code="b">A5 1756</marc:subfield>
            <marc:subfield code="c">c.1</marc:subfield>
            <marc:subfield code="g">1</marc:subfield>
            <marc:subfield code="i">39090016308682</marc:subfield>
            <marc:subfield code="l">ta   </marc:subfield>
            <marc:subfield code="o">-</marc:subfield>
            <marc:subfield code="p">$0.00</marc:subfield>
            <marc:subfield code="q">-</marc:subfield>
            <marc:subfield code="r">-</marc:subfield>
            <marc:subfield code="s">-</marc:subfield>
            <marc:subfield code="t">0</marc:subfield>
            <marc:subfield code="u">0</marc:subfield>
            <marc:subfield code="v">0</marc:subfield>
            <marc:subfield code="w">0</marc:subfield>
            <marc:subfield code="x">0</marc:subfield>
            <marc:subfield code="y">.i10130226</marc:subfield>
            <marc:subfield code="z">04-26-04</marc:subfield>
        </marc:datafield>
    </marc:record>