
    <marc:record>
        <marc:leader>03329cam a2200589Ma 4500</marc:leader>
        <marc:controlfield tag="001">ocm71165917</marc:controlfield>
        <marc:controlfield tag="003">OCoLC</marc:controlfield>
        <marc:controlfield tag="005">20131212105207.0</marc:controlfield>
        <marc:controlfield tag="008">930910s1554    it            000 0 lat d</marc:controlfield>
        <marc:datafield tag="035" ind1=" " ind2=" ">
            <marc:subfield code="a">(OCoLC)71165917</marc:subfield>
        </marc:datafield>
        <marc:datafield tag="040" ind1=" " ind2=" ">
            <marc:subfield code="a">EQO</marc:subfield>
            <marc:subfield code="b">eng</marc:subfield>
            <marc:subfield code="c">EQO</marc:subfield>
            <marc:subfield code="d">OCLCG</marc:subfield>
            <marc:subfield code="d">OCLCQ</marc:subfield>
            <marc:subfield code="d">TFW</marc:subfield>
        </marc:datafield>
        <marc:datafield tag="049" ind1=" " ind2=" ">
            <marc:subfield code="a">TFWW</marc:subfield>
        </marc:datafield>
        <marc:datafield tag="090" ind1=" " ind2=" ">
            <marc:subfield code="a">BS1429</marc:subfield>
            <marc:subfield code="b">.R3 1554</marc:subfield>
        </marc:datafield>
        <marc:datafield tag="100" ind1="1" ind2=" ">
            <marc:subfield code="a">Ravizza, Giovita,</marc:subfield>
            <marc:subfield code="d">1476-1553.</marc:subfield>
        </marc:datafield>
        <marc:datafield tag="240" ind1="1" ind2="0">
            <marc:subfield code="a">De numero oratorio</marc:subfield>
        </marc:datafield>
        <marc:datafield tag="245" ind1="1" ind2="0">
            <marc:subfield code="a">Iovitae Rapicii Brixiani De numero oratorio libri quinque, ad Reginaldum Polum Cardinalem amplissimum :</marc:subfield>
            <marc:subfield code="b">Eiusdem paraphrasis in psalmos Davidis, &amp; quaedam carmina.</marc:subfield>
        </marc:datafield>
        <marc:datafield tag="246" ind1="3" ind2=" ">
            <marc:subfield code="a">Iovitae Rapicii Brixiani De nvmero oratorio libri qvinqve, ad Reginaldvm Polvm Cardinalem amplissimvm</marc:subfield>
        </marc:datafield>
        <marc:datafield tag="246" ind1="3" ind2=" ">
            <marc:subfield code="a">Iouitae Rapicii Brixiani De numero oratorio libri quinque, ad Reginaldum Polum Cardinalem amplissimum</marc:subfield>
        </marc:datafield>
        <marc:datafield tag="246" ind1="3" ind2=" ">
            <marc:subfield code="a">Jovitae Rapicii Brixiani De numero oratorio libri quinque, ad Reginaldum Polum Cardinalem amplissimum</marc:subfield>
        </marc:datafield>
        <marc:datafield tag="260" ind1=" " ind2=" ">
            <marc:subfield code="a">Venetiis :</marc:subfield>
            <marc:subfield code="b">[In aedibus Pauli Manutij, Aldi filij],</marc:subfield>
            <marc:subfield code="c">MDLIIII [1554]</marc:subfield>
        </marc:datafield>
        <marc:datafield tag="300" ind1=" " ind2=" ">
            <marc:subfield code="a">56, 20 leaves ;</marc:subfield>
            <marc:subfield code="c">29 cm (fol.)</marc:subfield>
        </marc:datafield>
        <marc:datafield tag="500" ind1=" " ind2=" ">
            <marc:subfield code="a">Printer's name from colophon, on recto of final leaf: 'Venetiis, in aedibus Pauli Manutij, Aldi filij, M.D. LIIII.'</marc:subfield>
        </marc:datafield>
        <marc:datafield tag="500" ind1=" " ind2=" ">
            <marc:subfield code="a">&quot;Iovitae Rapicii Paraphrasis in Psalmos Davidis&quot;: 20 numbered leaves at end; with caption title only.</marc:subfield>
        </marc:datafield>
        <marc:datafield tag="500" ind1=" " ind2=" ">
            <marc:subfield code="a">Signatures: A-EE², ²A-K².</marc:subfield>
        </marc:datafield>
        <marc:datafield tag="500" ind1=" " ind2=" ">
            <marc:subfield code="a">Aldine device in woodcut on title page and last leaf verso.</marc:subfield>
        </marc:datafield>
        <marc:datafield tag="500" ind1=" " ind2=" ">
            <marc:subfield code="a">Tisch Library Special Collections copy: Imperfect: Top edge closely cropped affecting the legibility of the headings and pagination throughout.</marc:subfield>
            <marc:subfield code="5">MMeT</marc:subfield>
        </marc:datafield>
        <marc:datafield tag="561" ind1=" " ind2=" ">
            <marc:subfield code="a">Tisch Library Special Collections copy: Armorial binding and bookplate of Robert John Verney, Lord Willoughby de Broke.</marc:subfield>
            <marc:subfield code="5">MMeT</marc:subfield>
        </marc:datafield>
        <marc:datafield tag="563" ind1=" " ind2=" ">
            <marc:subfield code="a">Tisch Library Special Collections copy: Bound in 19th century green morocco, central gilt armorial escutcheon, ruled borders; spine has 5 raised bands, gilt lettering in second compartment; marbled end-papers; all edges gilt.</marc:subfield>
        </marc:datafield>
        <marc:datafield tag="541" ind1="1" ind2=" ">
            <marc:subfield code="c">Gift ;</marc:subfield>
            <marc:subfield code="a">Walter F. Welch, class of 1928 ;</marc:subfield>
            <marc:subfield code="d">1928-1966.</marc:subfield>
            <marc:subfield code="5">MMeT </marc:subfield>
        </marc:datafield>
        <marc:datafield tag="506" ind1=" " ind2=" ">
            <marc:subfield code="a">Access restricted: Apply to the curator of rare books.</marc:subfield>
            <marc:subfield code="5">MMeT</marc:subfield>
        </marc:datafield>
        <marc:datafield tag="510" ind1="4" ind2=" ">
            <marc:subfield code="a">Renouard,</marc:subfield>
            <marc:subfield code="c">p. 159</marc:subfield>
        </marc:datafield>
        <marc:datafield tag="630" ind1="0" ind2="0">
            <marc:subfield code="a">Bible.</marc:subfield>
            <marc:subfield code="p">Psalms</marc:subfield>
            <marc:subfield code="v">Paraphrases, Latin</marc:subfield>
            <marc:subfield code="v">Early works to 1800.</marc:subfield>
        </marc:datafield>
        <marc:datafield tag="650" ind1=" " ind2="0">
            <marc:subfield code="a">Rhetoric</marc:subfield>
            <marc:subfield code="v">Early works to 1800.</marc:subfield>
        </marc:datafield>
        <marc:datafield tag="650" ind1=" " ind2="0">
            <marc:subfield code="a">Poetics</marc:subfield>
            <marc:subfield code="v">Early works to 1800.</marc:subfield>
        </marc:datafield>
        <marc:datafield tag="655" ind1=" " ind2="7">
            <marc:subfield code="a">Morocco bindings (Binding)</marc:subfield>
            <marc:subfield code="2">rbbin</marc:subfield>
            <marc:subfield code="5">MMeT</marc:subfield>
        </marc:datafield>
        <marc:datafield tag="655" ind1=" " ind2="7">
            <marc:subfield code="a">Folio format (Printing)</marc:subfield>
            <marc:subfield code="2">rbpri</marc:subfield>
        </marc:datafield>
        <marc:datafield tag="655" ind1=" " ind2="7">
            <marc:subfield code="a">Armorial bindings (Provenance)</marc:subfield>
            <marc:subfield code="y">19th century.</marc:subfield>
            <marc:subfield code="2">rbprov</marc:subfield>
            <marc:subfield code="5">MMeT</marc:subfield>
        </marc:datafield>
        <marc:datafield tag="655" ind1=" " ind2="7">
            <marc:subfield code="a">Armorial bookplates (Provenance)</marc:subfield>
            <marc:subfield code="2">rbprov</marc:subfield>
            <marc:subfield code="5">MMeT</marc:subfield>
        </marc:datafield>
        <marc:datafield tag="655" ind1=" " ind2="7">
            <marc:subfield code="a">Marbled papers (Binding)</marc:subfield>
            <marc:subfield code="2">rbbin</marc:subfield>
            <marc:subfield code="5">MMeT</marc:subfield>
        </marc:datafield>
        <marc:datafield tag="655" ind1=" " ind2="7">
            <marc:subfield code="a">Printers' devices (Printing)</marc:subfield>
            <marc:subfield code="z">Italy</marc:subfield>
            <marc:subfield code="z">Venice</marc:subfield>
            <marc:subfield code="y">16th century.</marc:subfield>
            <marc:subfield code="2">rbpri</marc:subfield>
        </marc:datafield>
        <marc:datafield tag="700" ind1="1" ind2=" ">
            <marc:subfield code="a">Willoughby de Broke, Robert John Verney,</marc:subfield>
            <marc:subfield code="c"> Baron,</marc:subfield>
            <marc:subfield code="d">1809✹1862,</marc:subfield>
            <marc:subfield code="e">former owner.</marc:subfield>
            <marc:subfield code="5">MMeT</marc:subfield>
        </marc:datafield>
        <marc:datafield tag="700" ind1="1" ind2=" ">
            <marc:subfield code="a">Welch, Walter F.,</marc:subfield>
            <marc:subfield code="e">former owner.</marc:subfield>
            <marc:subfield code="5">MMeT</marc:subfield>
        </marc:datafield>
        <marc:datafield tag="700" ind1="1" ind2=" ">
            <marc:subfield code="a">Manuzio, Paolo,</marc:subfield>
            <marc:subfield code="d">1512-1574,</marc:subfield>
            <marc:subfield code="e">printer.</marc:subfield>
        </marc:datafield>
        <marc:datafield tag="730" ind1="0" ind2=" ">
            <marc:subfield code="a">Bible.</marc:subfield>
            <marc:subfield code="p">Psalms.</marc:subfield>
            <marc:subfield code="l">Latin.</marc:subfield>
            <marc:subfield code="f">1554.</marc:subfield>
        </marc:datafield>
        <marc:datafield tag="740" ind1="0" ind2="2">
            <marc:subfield code="a">Paraphrasis in Psalmos Davidis.</marc:subfield>
        </marc:datafield>
        <marc:datafield tag="752" ind1=" " ind2=" ">
            <marc:subfield code="a">Italy</marc:subfield>
            <marc:subfield code="d">Venice.</marc:subfield>
        </marc:datafield>
        <marc:datafield tag="907" ind1=" " ind2=" ">
            <marc:subfield code="a">.b11938031</marc:subfield>
            <marc:subfield code="b">03-03-14</marc:subfield>
            <marc:subfield code="c">04-20-04</marc:subfield>
        </marc:datafield>
        <marc:datafield tag="998" ind1=" " ind2=" ">
            <marc:subfield code="a">t</marc:subfield>
            <marc:subfield code="b">12-12-13</marc:subfield>
            <marc:subfield code="c">m</marc:subfield>
            <marc:subfield code="d">a</marc:subfield>
            <marc:subfield code="e">-</marc:subfield>
            <marc:subfield code="f">lat</marc:subfield>
            <marc:subfield code="g">it </marc:subfield>
            <marc:subfield code="h">0</marc:subfield>
            <marc:subfield code="i">1</marc:subfield>
        </marc:datafield>
        <marc:datafield tag="910" ind1=" " ind2=" ">
            <marc:subfield code="a">66 12/2013 </marc:subfield>
        </marc:datafield>
        <marc:datafield tag="910" ind1=" " ind2=" ">
            <marc:subfield code="a">NO LTI </marc:subfield>
        </marc:datafield>
        <marc:datafield tag="994" ind1=" " ind2=" ">
            <marc:subfield code="a">C0</marc:subfield>
            <marc:subfield code="b">TFW</marc:subfield>
        </marc:datafield>
        <marc:datafield tag="945" ind1=" " ind2=" ">
            <marc:subfield code="a">BS1429</marc:subfield>
            <marc:subfield code="b">.R3 1554</marc:subfield>
            <marc:subfield code="c">c.1</marc:subfield>
            <marc:subfield code="g">1</marc:subfield>
            <marc:subfield code="i">39090005144429</marc:subfield>
            <marc:subfield code="l">ta   </marc:subfield>
            <marc:subfield code="o">-</marc:subfield>
            <marc:subfield code="p">$0.00</marc:subfield>
            <marc:subfield code="q">-</marc:subfield>
            <marc:subfield code="r">-</marc:subfield>
            <marc:subfield code="s">o</marc:subfield>
            <marc:subfield code="t">0</marc:subfield>
            <marc:subfield code="u">0</marc:subfield>
            <marc:subfield code="v">0</marc:subfield>
            <marc:subfield code="w">0</marc:subfield>
            <marc:subfield code="x">0</marc:subfield>
            <marc:subfield code="y">.i12655387</marc:subfield>
            <marc:subfield code="z">04-26-04</marc:subfield>
        </marc:datafield>
    </marc:record>