
    <marc:record>
        <marc:leader>03314cam a2200505Ia 4500</marc:leader>
        <marc:controlfield tag="001">ocm08459911</marc:controlfield>
        <marc:controlfield tag="003">OCoLC</marc:controlfield>
        <marc:controlfield tag="005">20130521021119.0</marc:controlfield>
        <marc:controlfield tag="008">820525s1592    gw            001 0 lat d</marc:controlfield>
        <marc:datafield tag="035" ind1=" " ind2=" ">
            <marc:subfield code="a">(OCoLC)8459911</marc:subfield>
        </marc:datafield>
        <marc:datafield tag="040" ind1=" " ind2=" ">
            <marc:subfield code="a">TFW</marc:subfield>
            <marc:subfield code="b">eng</marc:subfield>
            <marc:subfield code="c">TFW</marc:subfield>
            <marc:subfield code="d">OCLCQ</marc:subfield>
            <marc:subfield code="d">OCLCG</marc:subfield>
            <marc:subfield code="d">OCLCQ</marc:subfield>
            <marc:subfield code="d">TFW</marc:subfield>
            <marc:subfield code="e">dcrmb</marc:subfield>
        </marc:datafield>
        <marc:datafield tag="049" ind1=" " ind2=" ">
            <marc:subfield code="a">TFWW</marc:subfield>
        </marc:datafield>
        <marc:datafield tag="090" ind1=" " ind2=" ">
            <marc:subfield code="a">BX1973</marc:subfield>
            <marc:subfield code="b">.D8 1592</marc:subfield>
        </marc:datafield>
        <marc:datafield tag="100" ind1="1" ind2=" ">
            <marc:subfield code="a">Duranti, Jean Étienne,</marc:subfield>
            <marc:subfield code="d">1534-1589.</marc:subfield>
        </marc:datafield>
        <marc:datafield tag="240" ind1="1" ind2="0">
            <marc:subfield code="a">De ritibus ecclesiae catholicae</marc:subfield>
        </marc:datafield>
        <marc:datafield tag="245" ind1="1" ind2="0">
            <marc:subfield code="a">Ioannis Stephani Duranti secretioris regii consistorii consiliarii amplissimiq[ue] senatus tolosani primi praesidis, De ritibus ecclesiae catholicae, libri tres :</marc:subfield>
            <marc:subfield code="b">recens in lucem editi nuncque primum in Germania editi, &amp; à mendis, quæ in editione Romana irrepserant, diligenter recogniti : accesserunt tres indices, primus est capitum, secundus locorum Sacræ Scripturæ passim in hoc opere explicatorum, &amp; illustratorum, tertius rerum &amp; verborum copiosissimus.</marc:subfield>
        </marc:datafield>
        <marc:datafield tag="246" ind1="3" ind2=" ">
            <marc:subfield code="a">Ioannis Stephani Dvranti secretioris regii consistorii consiliarii amplissimiq[ue] senatvs tolosani primi praesidis, De ritibvs ecclesiae catholicae, libri tres</marc:subfield>
        </marc:datafield>
        <marc:datafield tag="260" ind1=" " ind2=" ">
            <marc:subfield code="a">Coloniae Agrippinae :</marc:subfield>
            <marc:subfield code="b">Apud Ioannem Gymnicum, sub Monocerote,</marc:subfield>
            <marc:subfield code="c">anno MDXCII [1592]</marc:subfield>
        </marc:datafield>
        <marc:datafield tag="300" ind1=" " ind2=" ">
            <marc:subfield code="a">[16], 853 [i.e. 851], [67] p. ;</marc:subfield>
            <marc:subfield code="c">19 cm (8vo)</marc:subfield>
        </marc:datafield>
        <marc:datafield tag="500" ind1=" " ind2=" ">
            <marc:subfield code="a">Printer's device on t.p.; initials.</marc:subfield>
        </marc:datafield>
        <marc:datafield tag="500" ind1=" " ind2=" ">
            <marc:subfield code="a">Includes index.</marc:subfield>
        </marc:datafield>
        <marc:datafield tag="500" ind1=" " ind2=" ">
            <marc:subfield code="a">The authorship has also been attributed to Pierre Danès--Michaud.</marc:subfield>
        </marc:datafield>
        <marc:datafield tag="500" ind1=" " ind2=" ">
            <marc:subfield code="a">Running title on p. 234-235 of lib. I erroneously titled lib. II.</marc:subfield>
        </marc:datafield>
        <marc:datafield tag="500" ind1=" " ind2=" ">
            <marc:subfield code="a">Jacques-Auguste de Thou (1553-1617) was a historian, book collector and president of the Parlement de Paris. He assembled a private library of close to 13,000 volumes, which was available to any scholar who wished to use it.</marc:subfield>
            <marc:subfield code="5">MMeT</marc:subfield>
        </marc:datafield>
        <marc:datafield tag="510" ind1="4" ind2=" ">
            <marc:subfield code="a">Adams</marc:subfield>
            <marc:subfield code="c">D1193</marc:subfield>
        </marc:datafield>
        <marc:datafield tag="563" ind1=" " ind2=" ">
            <marc:subfield code="a">Tisch Library Special Collections copy: Bound in brown calf, central gilt escutcheon stamped in blind; spine has 5 raised bands, gilt lettering to second compartment, gilt conjoint monogram &quot;I A M&quot; in remaining compartments; gauffered edges.</marc:subfield>
            <marc:subfield code="5">MMeT</marc:subfield>
        </marc:datafield>
        <marc:datafield tag="561" ind1=" " ind2=" ">
            <marc:subfield code="a">Tisch Library Special Collections copy: Armorial bookbinding of Jacques-August de Thou with his arms combined with those of his first wife, Marie Barbancon, and with the conjoint monogram &quot;I A M&quot;.</marc:subfield>
            <marc:subfield code="5">MMeT</marc:subfield>
        </marc:datafield>
        <marc:datafield tag="561" ind1=" " ind2=" ">
            <marc:subfield code="a">Tisch Library Special Collections copy: Bookplate on front pastedown: Ex libris: Leonidae Leonetti.</marc:subfield>
            <marc:subfield code="5">MMeT</marc:subfield>
        </marc:datafield>
        <marc:datafield tag="541" ind1="1" ind2=" ">
            <marc:subfield code="c">Gift ;</marc:subfield>
            <marc:subfield code="a">Walter F. Welch, class of 1928 ;</marc:subfield>
            <marc:subfield code="d">1928-1966.</marc:subfield>
            <marc:subfield code="5">MMeT</marc:subfield>
        </marc:datafield>
        <marc:datafield tag="506" ind1=" " ind2=" ">
            <marc:subfield code="a">Access restricted: Apply to the curator of rare books.</marc:subfield>
            <marc:subfield code="5">MMeT</marc:subfield>
        </marc:datafield>
        <marc:datafield tag="610" ind1="2" ind2="0">
            <marc:subfield code="a">Catholic Church</marc:subfield>
            <marc:subfield code="x">Liturgy.</marc:subfield>
        </marc:datafield>
        <marc:datafield tag="655" ind1=" " ind2="7">
            <marc:subfield code="a">Armorial bindings (Provenance)</marc:subfield>
            <marc:subfield code="y">16th century</marc:subfield>
            <marc:subfield code="2">rbprov</marc:subfield>
            <marc:subfield code="5">MMeT</marc:subfield>
        </marc:datafield>
        <marc:datafield tag="655" ind1=" " ind2="7">
            <marc:subfield code="a">Gauffered edges (Binding)</marc:subfield>
            <marc:subfield code="y">16th century.</marc:subfield>
            <marc:subfield code="2">rbbin</marc:subfield>
            <marc:subfield code="5">MMeT</marc:subfield>
        </marc:datafield>
        <marc:datafield tag="655" ind1=" " ind2="7">
            <marc:subfield code="a">Octavo format (Printing)</marc:subfield>
            <marc:subfield code="2">rbpri</marc:subfield>
        </marc:datafield>
        <marc:datafield tag="655" ind1=" " ind2="7">
            <marc:subfield code="a">Calf bindings (Binding)</marc:subfield>
            <marc:subfield code="2">rbbin</marc:subfield>
            <marc:subfield code="5">MMeT</marc:subfield>
        </marc:datafield>
        <marc:datafield tag="700" ind1="1" ind2=" ">
            <marc:subfield code="a">Gymnich, Johann,</marc:subfield>
            <marc:subfield code="d">-1596,</marc:subfield>
            <marc:subfield code="e">publisher.</marc:subfield>
        </marc:datafield>
        <marc:datafield tag="700" ind1="1" ind2=" ">
            <marc:subfield code="6">MMeT</marc:subfield>
            <marc:subfield code="a">Thou, Jacques-Auguste de,</marc:subfield>
            <marc:subfield code="d">1553-1617,</marc:subfield>
            <marc:subfield code="e">former owner.</marc:subfield>
        </marc:datafield>
        <marc:datafield tag="700" ind1="1" ind2=" ">
            <marc:subfield code="a">Welch, Walter F.,</marc:subfield>
            <marc:subfield code="e">former owner.</marc:subfield>
            <marc:subfield code="5">MMeT</marc:subfield>
        </marc:datafield>
        <marc:datafield tag="700" ind1="1" ind2=" ">
            <marc:subfield code="a">Danès, Pierre,</marc:subfield>
            <marc:subfield code="d">1497-1577.</marc:subfield>
        </marc:datafield>
        <marc:datafield tag="752" ind1=" " ind2=" ">
            <marc:subfield code="a">Germany</marc:subfield>
            <marc:subfield code="d">Cologne.</marc:subfield>
        </marc:datafield>
        <marc:datafield tag="907" ind1=" " ind2=" ">
            <marc:subfield code="a">.b12093324</marc:subfield>
            <marc:subfield code="b">03-03-14</marc:subfield>
            <marc:subfield code="c">04-20-04</marc:subfield>
        </marc:datafield>
        <marc:datafield tag="998" ind1=" " ind2=" ">
            <marc:subfield code="a">t</marc:subfield>
            <marc:subfield code="b">05-21-13</marc:subfield>
            <marc:subfield code="c">m</marc:subfield>
            <marc:subfield code="d">a</marc:subfield>
            <marc:subfield code="e">-</marc:subfield>
            <marc:subfield code="f">lat</marc:subfield>
            <marc:subfield code="g">gw </marc:subfield>
            <marc:subfield code="h">0</marc:subfield>
            <marc:subfield code="i">0</marc:subfield>
        </marc:datafield>
        <marc:datafield tag="910" ind1=" " ind2=" ">
            <marc:subfield code="a">66 05/2013</marc:subfield>
        </marc:datafield>
        <marc:datafield tag="994" ind1=" " ind2=" ">
            <marc:subfield code="a">C0</marc:subfield>
            <marc:subfield code="b">TFW</marc:subfield>
        </marc:datafield>
        <marc:datafield tag="945" ind1=" " ind2=" ">
            <marc:subfield code="a">BX1973</marc:subfield>
            <marc:subfield code="b">.D8 1592</marc:subfield>
            <marc:subfield code="c">c.1</marc:subfield>
            <marc:subfield code="g">1</marc:subfield>
            <marc:subfield code="i">39090016308526</marc:subfield>
            <marc:subfield code="l">ta   </marc:subfield>
            <marc:subfield code="o">-</marc:subfield>
            <marc:subfield code="p">$0.00</marc:subfield>
            <marc:subfield code="q">-</marc:subfield>
            <marc:subfield code="r">-</marc:subfield>
            <marc:subfield code="s">o</marc:subfield>
            <marc:subfield code="t">0</marc:subfield>
            <marc:subfield code="u">0</marc:subfield>
            <marc:subfield code="v">0</marc:subfield>
            <marc:subfield code="w">0</marc:subfield>
            <marc:subfield code="x">0</marc:subfield>
            <marc:subfield code="y">.i1285041x</marc:subfield>
            <marc:subfield code="z">04-26-04</marc:subfield>
        </marc:datafield>
    </marc:record>