
    <marc:record>
        <marc:leader>07181cam a2201129 a 4500</marc:leader>
        <marc:controlfield tag="001">ocm13966383</marc:controlfield>
        <marc:controlfield tag="003">OCoLC</marc:controlfield>
        <marc:controlfield tag="005">20140220094356.0</marc:controlfield>
        <marc:controlfield tag="008">860728s1495    it a          000 0 lat  </marc:controlfield>
        <marc:datafield tag="010" ind1=" " ind2=" ">
            <marc:subfield code="a">47043533</marc:subfield>
        </marc:datafield>
        <marc:datafield tag="035" ind1=" " ind2=" ">
            <marc:subfield code="a">(OCoLC)13966383</marc:subfield>
        </marc:datafield>
        <marc:datafield tag="040" ind1=" " ind2=" ">
            <marc:subfield code="a">DLC</marc:subfield>
            <marc:subfield code="b">eng</marc:subfield>
            <marc:subfield code="e">dcrb</marc:subfield>
            <marc:subfield code="c">CLU</marc:subfield>
            <marc:subfield code="d">OCL</marc:subfield>
            <marc:subfield code="d">OCLCQ</marc:subfield>
            <marc:subfield code="d">IUL</marc:subfield>
            <marc:subfield code="d">OCLCQ</marc:subfield>
            <marc:subfield code="d">OCLCA</marc:subfield>
            <marc:subfield code="d">OCLCQ</marc:subfield>
            <marc:subfield code="d">OCLCO</marc:subfield>
            <marc:subfield code="d">OCLCA</marc:subfield>
            <marc:subfield code="d">TFW</marc:subfield>
        </marc:datafield>
        <marc:datafield tag="042" ind1=" " ind2=" ">
            <marc:subfield code="a">pcc</marc:subfield>
        </marc:datafield>
        <marc:datafield tag="043" ind1=" " ind2=" ">
            <marc:subfield code="a">e-it---</marc:subfield>
        </marc:datafield>
        <marc:datafield tag="049" ind1=" " ind2=" ">
            <marc:subfield code="a">TFWW</marc:subfield>
        </marc:datafield>
        <marc:datafield tag="050" ind1=" " ind2="4">
            <marc:subfield code="a">BS2595</marc:subfield>
            <marc:subfield code="b">.A57 1495</marc:subfield>
        </marc:datafield>
        <marc:datafield tag="100" ind1="0" ind2=" ">
            <marc:subfield code="a">Antoninus,</marc:subfield>
            <marc:subfield code="c">Saint, Archbishop of Florence,</marc:subfield>
            <marc:subfield code="d">1389-1459.</marc:subfield>
        </marc:datafield>
        <marc:datafield tag="240" ind1="1" ind2="0">
            <marc:subfield code="a">Trialogus super evangelio de duobus discipulis euntibus in Emmaus</marc:subfield>
        </marc:datafield>
        <marc:datafield tag="245" ind1="1" ind2="0">
            <marc:subfield code="a">In hoc volumine continentur infrascripti tractatus :</marc:subfield>
            <marc:subfield code="b">primo, deuotissimus trialogus beati Antonini archiep[iscop]i Florentini Ordinis Predicatorum super eua[n]gelio de duobus discipulis euntibus in Emaus : secu[n]do, pulcherrimus trialogus de co[n]te[m]ptu mu[n]di fratris Baptiste de Finaria ep[iscop]i Vintimiliensis ordinis eiusdem : tertio, epistola de tribus essentialibus votis religionis [et] vtilissimus tractatus de veris et falsis virtutibus fratris Vmberti generalis magistri eiusde[m] ordinis.</marc:subfield>
        </marc:datafield>
        <marc:datafield tag="246" ind1="3" ind2="0">
            <marc:subfield code="a">Deuotissimus trialogus beati Antonini archiep[iscop]i Florentini Ordinis Predicatorum super eua[n]gelio de duobus discipulis euntibus in Emaus</marc:subfield>
        </marc:datafield>
        <marc:datafield tag="246" ind1="3" ind2=" ">
            <marc:subfield code="a">Devotissimus trialogus beati Antonini archiepiscopi Florentini Ordinis Predicatorum super evangelio de duobus discipulis euntibus in Emaus</marc:subfield>
        </marc:datafield>
        <marc:datafield tag="246" ind1="3" ind2=" ">
            <marc:subfield code="a">Devotissimus trialogus super evangelio de duobus discipulis euntibus in Emaus</marc:subfield>
        </marc:datafield>
        <marc:datafield tag="246" ind1="3" ind2="0">
            <marc:subfield code="a">Pulcherrimus trialogus de co[n]te[m]ptu mu[n]di fratris Baptiste de Finaria ep[iscop]i Vintimiliensis ordinis eiusdem</marc:subfield>
        </marc:datafield>
        <marc:datafield tag="246" ind1="3" ind2="0">
            <marc:subfield code="a">Epistola de tribus essentialibus votis religionis [et] vtilissimus tractatus de veris et falsis virtutibus fratris Vmberti generalis magistri eiusde[m] ordinis</marc:subfield>
        </marc:datafield>
        <marc:datafield tag="246" ind1="3" ind2=" ">
            <marc:subfield code="a">Epistola de tribus essentialibus votis religionis et utilissimus tractatus de veris et falsis virtutibus fratris Umberti generalis magistri eiusdem ordinis</marc:subfield>
        </marc:datafield>
        <marc:datafield tag="246" ind1="1" ind2=" ">
            <marc:subfield code="i">Title from fol. a3r:</marc:subfield>
            <marc:subfield code="a">Disputatio domini Jesu in effigie peregrini cum duobus discipulis euntibus in Emaus facta</marc:subfield>
        </marc:datafield>
        <marc:datafield tag="260" ind1=" " ind2=" ">
            <marc:subfield code="a">Venice :</marc:subfield>
            <marc:subfield code="b">Johannes Emericus, de Spira, for Lucantonio Giunta,</marc:subfield>
            <marc:subfield code="c">26 April 1495.</marc:subfield>
        </marc:datafield>
        <marc:datafield tag="300" ind1=" " ind2=" ">
            <marc:subfield code="a">[150] leaves :</marc:subfield>
            <marc:subfield code="b">ill. (woodcuts) ;</marc:subfield>
            <marc:subfield code="c">16 cm (8vo)</marc:subfield>
        </marc:datafield>
        <marc:datafield tag="336" ind1=" " ind2=" ">
            <marc:subfield code="a">text</marc:subfield>
            <marc:subfield code="b">txt</marc:subfield>
            <marc:subfield code="2">rdacontent</marc:subfield>
        </marc:datafield>
        <marc:datafield tag="337" ind1=" " ind2=" ">
            <marc:subfield code="a">unmediated</marc:subfield>
            <marc:subfield code="b">n</marc:subfield>
            <marc:subfield code="2">rdamedia</marc:subfield>
        </marc:datafield>
        <marc:datafield tag="338" ind1=" " ind2=" ">
            <marc:subfield code="a">volume</marc:subfield>
            <marc:subfield code="b">nc</marc:subfield>
            <marc:subfield code="2">rdacarrier</marc:subfield>
        </marc:datafield>
        <marc:datafield tag="500" ind1=" " ind2=" ">
            <marc:subfield code="a">Tisch Library Special Colelctions copy: Imperfect: Wanting 5 leaves, including title page.</marc:subfield>
            <marc:subfield code="5">MMeT</marc:subfield>
        </marc:datafield>
        <marc:datafield tag="500" ind1=" " ind2=" ">
            <marc:subfield code="a">At head of title: Jesus.</marc:subfield>
        </marc:datafield>
        <marc:datafield tag="500" ind1=" " ind2=" ">
            <marc:subfield code="a">Imprint from ISTC and Goff.</marc:subfield>
        </marc:datafield>
        <marc:datafield tag="500" ind1=" " ind2=" ">
            <marc:subfield code="a">Woodcuts: 2 ill. (one repeated twice), 6 initials, publisher's and printer's devices.</marc:subfield>
        </marc:datafield>
        <marc:datafield tag="500" ind1=" " ind2=" ">
            <marc:subfield code="a">Title and heading of first work printed in red.</marc:subfield>
        </marc:datafield>
        <marc:datafield tag="500" ind1=" " ind2=" ">
            <marc:subfield code="a">Includes Epistola domini Francisci Castilionensis super vita beati Antonii [i.e. Antonini] de Florentia, Serapion de contemptu mundi Baptiste Finariensis (preceded by a dedicatory letter to Thomas de Leuco, general vicar of the Dominicans), Epistola beati Bernardi abbatis ad parentes cuiusdam novicii dolentes, Epistola fratris Huberti [i.e. Humberti] quinti magistri Ordinis Fratrum Predicatorum de tribus votis substantialibus religiosorum, Tractatus de veris et falsis virtutibus reverendi patris fratris Umberti magistri ordinis, Regule quedam brevissime ac valde utiles Reverendi ac devoti patris fratris Hieronymi Savonarole Ferrariensis, Oratio vel psalmus veneralis patris fratris Hieronymi de Ferraria.</marc:subfield>
        </marc:datafield>
        <marc:datafield tag="500" ind1=" " ind2=" ">
            <marc:subfield code="a">The De veris et falsis virtutibus (Paradisus animae), falsely attributed in this edition to Humbert de Romans, is also unduly given as a work of Albert the Great, St. Bonaventure, or Johannes de Peckham.</marc:subfield>
        </marc:datafield>
        <marc:datafield tag="500" ind1=" " ind2=" ">
            <marc:subfield code="a">Colophon: In nomine sancte trinitatis isti tres tractatus vtilissimi feliciter expliciu[n]t. Impressi venetijs per Joa[n]nem Emericum de Spira. Anno incarnatio[n]is M.cccc.xcv sexto k[a]l[end]as Maij.</marc:subfield>
        </marc:datafield>
        <marc:datafield tag="500" ind1=" " ind2=" ">
            <marc:subfield code="a">2 columns. 36 lines. Types: 130 G., 105 G., 63 G. Lombardic capitals.</marc:subfield>
        </marc:datafield>
        <marc:datafield tag="500" ind1=" " ind2=" ">
            <marc:subfield code="a">Signatures: a-h⁸ i¹⁰ k-r⁸ s¹²</marc:subfield>
        </marc:datafield>
        <marc:datafield tag="510" ind1="4" ind2=" ">
            <marc:subfield code="a">ISTC,</marc:subfield>
            <marc:subfield code="c">ia00883000</marc:subfield>
        </marc:datafield>
        <marc:datafield tag="510" ind1="4" ind2=" ">
            <marc:subfield code="a">BM 15th cent.,</marc:subfield>
            <marc:subfield code="c">V, p. 540 (IA. 24222)</marc:subfield>
        </marc:datafield>
        <marc:datafield tag="510" ind1="4" ind2=" ">
            <marc:subfield code="a">Rosenwald,</marc:subfield>
            <marc:subfield code="c">297</marc:subfield>
        </marc:datafield>
        <marc:datafield tag="510" ind1="4" ind2=" ">
            <marc:subfield code="a">Goff,</marc:subfield>
            <marc:subfield code="c">A-883</marc:subfield>
        </marc:datafield>
        <marc:datafield tag="510" ind1="4" ind2=" ">
            <marc:subfield code="a">Hain-Copinger,</marc:subfield>
            <marc:subfield code="c">1274* (incl. Hain 1272, 14361, Copinger 5907)</marc:subfield>
        </marc:datafield>
        <marc:datafield tag="510" ind1="4" ind2=" ">
            <marc:subfield code="a">BN cat. des incun.,</marc:subfield>
            <marc:subfield code="c">A-464</marc:subfield>
        </marc:datafield>
        <marc:datafield tag="510" ind1="4" ind2=" ">
            <marc:subfield code="a">BSB-Ink,</marc:subfield>
            <marc:subfield code="c">A-611</marc:subfield>
        </marc:datafield>
        <marc:datafield tag="510" ind1="4" ind2=" ">
            <marc:subfield code="a">GW,</marc:subfield>
            <marc:subfield code="c">2203</marc:subfield>
        </marc:datafield>
        <marc:datafield tag="510" ind1="4" ind2=" ">
            <marc:subfield code="a">Pellechet,</marc:subfield>
            <marc:subfield code="c">899</marc:subfield>
        </marc:datafield>
        <marc:datafield tag="510" ind1="4" ind2=" ">
            <marc:subfield code="a">Polain,</marc:subfield>
            <marc:subfield code="c">278</marc:subfield>
        </marc:datafield>
        <marc:datafield tag="510" ind1="4" ind2=" ">
            <marc:subfield code="a">IGI,</marc:subfield>
            <marc:subfield code="c">702</marc:subfield>
        </marc:datafield>
        <marc:datafield tag="510" ind1="4" ind2=" ">
            <marc:subfield code="a">IBP,</marc:subfield>
            <marc:subfield code="c">431</marc:subfield>
        </marc:datafield>
        <marc:datafield tag="510" ind1="4" ind2=" ">
            <marc:subfield code="a">Sajó-Soltész,</marc:subfield>
            <marc:subfield code="c">263</marc:subfield>
        </marc:datafield>
        <marc:datafield tag="510" ind1="4" ind2=" ">
            <marc:subfield code="a">Madsen,</marc:subfield>
            <marc:subfield code="c">274</marc:subfield>
        </marc:datafield>
        <marc:datafield tag="510" ind1="4" ind2=" ">
            <marc:subfield code="a">Ohly-Sack,</marc:subfield>
            <marc:subfield code="c">228</marc:subfield>
        </marc:datafield>
        <marc:datafield tag="510" ind1="4" ind2=" ">
            <marc:subfield code="a">Oates,</marc:subfield>
            <marc:subfield code="c">2138</marc:subfield>
        </marc:datafield>
        <marc:datafield tag="510" ind1="4" ind2=" ">
            <marc:subfield code="a">Proctor,</marc:subfield>
            <marc:subfield code="c">5498</marc:subfield>
        </marc:datafield>
        <marc:datafield tag="510" ind1="4" ind2=" ">
            <marc:subfield code="a">Camerini, P. Annali dei Giunti,</marc:subfield>
            <marc:subfield code="c">21</marc:subfield>
        </marc:datafield>
        <marc:datafield tag="541" ind1="1" ind2=" ">
            <marc:subfield code="c">Gift ;</marc:subfield>
            <marc:subfield code="a">Walter F. Welch, class of 1928 ;</marc:subfield>
            <marc:subfield code="d">1928-1966.</marc:subfield>
            <marc:subfield code="5">MMeT </marc:subfield>
        </marc:datafield>
        <marc:datafield tag="563" ind1=" " ind2=" ">
            <marc:subfield code="a">Tisch Library Special Colelctions copy: Bound in modern half calf.</marc:subfield>
            <marc:subfield code="5">MMeT</marc:subfield>
        </marc:datafield>
        <marc:datafield tag="506" ind1=" " ind2=" ">
            <marc:subfield code="a">Access restricted: Apply to the curator of rare books.</marc:subfield>
            <marc:subfield code="5">MMeT</marc:subfield>
        </marc:datafield>
        <marc:datafield tag="600" ind1="0" ind2="0">
            <marc:subfield code="a">Antoninus,</marc:subfield>
            <marc:subfield code="c">Saint, Archbishop of Florence,</marc:subfield>
            <marc:subfield code="d">1389-1459.</marc:subfield>
        </marc:datafield>
        <marc:datafield tag="630" ind1="0" ind2="0">
            <marc:subfield code="a">Bible.</marc:subfield>
            <marc:subfield code="p">Luke XXIV, 13-35</marc:subfield>
            <marc:subfield code="x">Criticism, interpretation, etc.</marc:subfield>
        </marc:datafield>
        <marc:datafield tag="630" ind1="0" ind2="0">
            <marc:subfield code="a">Bible.</marc:subfield>
            <marc:subfield code="p">Matthew XVII, 4</marc:subfield>
            <marc:subfield code="x">Criticism, interpretation, etc.</marc:subfield>
        </marc:datafield>
        <marc:datafield tag="650" ind1=" " ind2="0">
            <marc:subfield code="a">Christian saints</marc:subfield>
            <marc:subfield code="z">Italy</marc:subfield>
            <marc:subfield code="z">Florence</marc:subfield>
            <marc:subfield code="v">Biography</marc:subfield>
            <marc:subfield code="v">Early works to 1800.</marc:subfield>
        </marc:datafield>
        <marc:datafield tag="650" ind1=" " ind2="0">
            <marc:subfield code="a">Messiah</marc:subfield>
            <marc:subfield code="x">Prophecies</marc:subfield>
            <marc:subfield code="v">Early works to 1800.</marc:subfield>
        </marc:datafield>
        <marc:datafield tag="655" ind1=" " ind2="0">
            <marc:subfield code="a">Incunabula</marc:subfield>
            <marc:subfield code="z">Italy</marc:subfield>
            <marc:subfield code="z">Venice</marc:subfield>
            <marc:subfield code="y">1495.</marc:subfield>
        </marc:datafield>
        <marc:datafield tag="655" ind1=" " ind2="7">
            <marc:subfield code="a">Octavo format (Printing)</marc:subfield>
            <marc:subfield code="2">rbpri</marc:subfield>
        </marc:datafield>
        <marc:datafield tag="655" ind1=" " ind2="7">
            <marc:subfield code="a">Printing in multiple colors (Printing)</marc:subfield>
            <marc:subfield code="2">rbpri</marc:subfield>
        </marc:datafield>
        <marc:datafield tag="655" ind1=" " ind2="7">
            <marc:subfield code="a">Printers' devices (Printing)</marc:subfield>
            <marc:subfield code="z">Italy</marc:subfield>
            <marc:subfield code="z">Venice</marc:subfield>
            <marc:subfield code="y">16th century.</marc:subfield>
            <marc:subfield code="2">rbpri</marc:subfield>
        </marc:datafield>
        <marc:datafield tag="655" ind1=" " ind2="7">
            <marc:subfield code="a">Half bindings (Binding)</marc:subfield>
            <marc:subfield code="2">rbbin</marc:subfield>
            <marc:subfield code="5">MMeT</marc:subfield>
        </marc:datafield>
        <marc:datafield tag="700" ind1="1" ind2=" ">
            <marc:subfield code="a">Welch, Walter F.,</marc:subfield>
            <marc:subfield code="e">former owner.</marc:subfield>
            <marc:subfield code="5">MMeT</marc:subfield>
        </marc:datafield>
        <marc:datafield tag="700" ind1="1" ind2=" ">
            <marc:subfield code="a">Emerich, Johann,</marc:subfield>
            <marc:subfield code="d">active 1487-1506,</marc:subfield>
            <marc:subfield code="e">printer.</marc:subfield>
        </marc:datafield>
        <marc:datafield tag="700" ind1="1" ind2=" ">
            <marc:subfield code="a">Giunta, Luca-Antonio,</marc:subfield>
            <marc:subfield code="d">1457-1538,</marc:subfield>
            <marc:subfield code="e">printer.</marc:subfield>
        </marc:datafield>
        <marc:datafield tag="700" ind1="0" ind2="2">
            <marc:subfield code="a">Francesco,</marc:subfield>
            <marc:subfield code="c">da Castiglione,</marc:subfield>
            <marc:subfield code="d">approximately 1420-1484.</marc:subfield>
            <marc:subfield code="t">Vita Antonini Florentini.</marc:subfield>
        </marc:datafield>
        <marc:datafield tag="700" ind1="1" ind2="2">
            <marc:subfield code="a">Giudici, Battista de',</marc:subfield>
            <marc:subfield code="d">1428 or 1429-1484.</marc:subfield>
            <marc:subfield code="t">Trialogus de contemptu mundi.</marc:subfield>
        </marc:datafield>
        <marc:datafield tag="700" ind1="0" ind2="2">
            <marc:subfield code="a">Bernard,</marc:subfield>
            <marc:subfield code="c">of Clairvaux, Saint,</marc:subfield>
            <marc:subfield code="d">1090 or 1091-1153.</marc:subfield>
            <marc:subfield code="t">Epistola ad parentes cuiusdam novicii.</marc:subfield>
        </marc:datafield>
        <marc:datafield tag="700" ind1="0" ind2="2">
            <marc:subfield code="a">Bernard,</marc:subfield>
            <marc:subfield code="c">of Clairvaux, Saint,</marc:subfield>
            <marc:subfield code="d">1090 or 1091-1153.</marc:subfield>
            <marc:subfield code="t">Super verbum Petri: Bonum est nos hic esse.</marc:subfield>
        </marc:datafield>
        <marc:datafield tag="700" ind1="0" ind2="2">
            <marc:subfield code="a">Humbert,</marc:subfield>
            <marc:subfield code="c">de Romans,</marc:subfield>
            <marc:subfield code="d">1194?-1277.</marc:subfield>
            <marc:subfield code="t">De tribus votis substantialibus religiosorum.</marc:subfield>
        </marc:datafield>
        <marc:datafield tag="700" ind1="1" ind2="2">
            <marc:subfield code="a">Savonarola, Girolamo,</marc:subfield>
            <marc:subfield code="d">1452-1498.</marc:subfield>
            <marc:subfield code="t">Regulae septem ad omnes religiosos.</marc:subfield>
        </marc:datafield>
        <marc:datafield tag="700" ind1="1" ind2="2">
            <marc:subfield code="a">Savonarola, Girolamo,</marc:subfield>
            <marc:subfield code="d">1452-1498.</marc:subfield>
            <marc:subfield code="t">Oratio vel psalmus: Diligam te Domine.</marc:subfield>
        </marc:datafield>
        <marc:datafield tag="730" ind1="0" ind2="2">
            <marc:subfield code="a">Paradisus animae.</marc:subfield>
        </marc:datafield>
        <marc:datafield tag="740" ind1="0" ind2="2">
            <marc:subfield code="a">Vita Antonini Florentini.</marc:subfield>
        </marc:datafield>
        <marc:datafield tag="740" ind1="0" ind2="2">
            <marc:subfield code="a">Trialogus de contemptu mundi.</marc:subfield>
        </marc:datafield>
        <marc:datafield tag="740" ind1="0" ind2="2">
            <marc:subfield code="a">Epistola ad parentes cuiusdam novicii.</marc:subfield>
        </marc:datafield>
        <marc:datafield tag="740" ind1="0" ind2="2">
            <marc:subfield code="a">Super verbum Petri: Bonum est nos hic esse.</marc:subfield>
        </marc:datafield>
        <marc:datafield tag="740" ind1="0" ind2="2">
            <marc:subfield code="a">De tribus votis substantialibus religiosorum.</marc:subfield>
        </marc:datafield>
        <marc:datafield tag="740" ind1="0" ind2="2">
            <marc:subfield code="a">Regulae septem ad omnes religiosos.</marc:subfield>
        </marc:datafield>
        <marc:datafield tag="740" ind1="0" ind2="2">
            <marc:subfield code="a">Oratio vel psalmus: Diligam te Domine.</marc:subfield>
        </marc:datafield>
        <marc:datafield tag="752" ind1=" " ind2=" ">
            <marc:subfield code="a">Italy</marc:subfield>
            <marc:subfield code="d">Venice.</marc:subfield>
        </marc:datafield>
        <marc:datafield tag="907" ind1=" " ind2=" ">
            <marc:subfield code="a">.b12688629</marc:subfield>
            <marc:subfield code="b">02-20-14</marc:subfield>
            <marc:subfield code="c">04-20-04</marc:subfield>
        </marc:datafield>
        <marc:datafield tag="998" ind1=" " ind2=" ">
            <marc:subfield code="a">t</marc:subfield>
            <marc:subfield code="b">02-20-14</marc:subfield>
            <marc:subfield code="c">m</marc:subfield>
            <marc:subfield code="d">a</marc:subfield>
            <marc:subfield code="e">-</marc:subfield>
            <marc:subfield code="f">lat</marc:subfield>
            <marc:subfield code="g">it </marc:subfield>
            <marc:subfield code="h">0</marc:subfield>
            <marc:subfield code="i">1</marc:subfield>
        </marc:datafield>
        <marc:datafield tag="910" ind1=" " ind2=" ">
            <marc:subfield code="a">66 02/2014 </marc:subfield>
        </marc:datafield>
        <marc:datafield tag="910" ind1=" " ind2=" ">
            <marc:subfield code="a">NO LTI </marc:subfield>
        </marc:datafield>
        <marc:datafield tag="994" ind1=" " ind2=" ">
            <marc:subfield code="a">C0</marc:subfield>
            <marc:subfield code="b">TFW</marc:subfield>
        </marc:datafield>
        <marc:datafield tag="945" ind1=" " ind2=" ">
            <marc:subfield code="a">BS2595</marc:subfield>
            <marc:subfield code="b">.A57 1495</marc:subfield>
            <marc:subfield code="c">c.1</marc:subfield>
            <marc:subfield code="g">1</marc:subfield>
            <marc:subfield code="i">39090016374130</marc:subfield>
            <marc:subfield code="l">ta   </marc:subfield>
            <marc:subfield code="o">-</marc:subfield>
            <marc:subfield code="p">$0.00</marc:subfield>
            <marc:subfield code="q">-</marc:subfield>
            <marc:subfield code="r">-</marc:subfield>
            <marc:subfield code="s">o</marc:subfield>
            <marc:subfield code="t">0</marc:subfield>
            <marc:subfield code="u">0</marc:subfield>
            <marc:subfield code="v">0</marc:subfield>
            <marc:subfield code="w">0</marc:subfield>
            <marc:subfield code="x">0</marc:subfield>
            <marc:subfield code="y">.i13657793</marc:subfield>
            <marc:subfield code="z">04-26-04</marc:subfield>
        </marc:datafield>
    </marc:record>