
    <marc:record>
        <marc:leader>03374cam a2200553Ia 4500</marc:leader>
        <marc:controlfield tag="001">ocm28996305</marc:controlfield>
        <marc:controlfield tag="003">OCoLC</marc:controlfield>
        <marc:controlfield tag="005">20130517113629.0</marc:controlfield>
        <marc:controlfield tag="008">931013s1625    sz            001 0 lat d</marc:controlfield>
        <marc:datafield tag="035" ind1=" " ind2=" ">
            <marc:subfield code="a">(OCoLC)28996305</marc:subfield>
        </marc:datafield>
        <marc:datafield tag="040" ind1=" " ind2=" ">
            <marc:subfield code="a">TFW</marc:subfield>
            <marc:subfield code="c">TFW</marc:subfield>
            <marc:subfield code="d">OCLCG</marc:subfield>
            <marc:subfield code="d">OCLCA</marc:subfield>
            <marc:subfield code="d">TFW</marc:subfield>
            <marc:subfield code="e">dcrmb</marc:subfield>
        </marc:datafield>
        <marc:datafield tag="049" ind1=" " ind2=" ">
            <marc:subfield code="a">TFWW</marc:subfield>
        </marc:datafield>
        <marc:datafield tag="090" ind1=" " ind2=" ">
            <marc:subfield code="a">BR65.T35</marc:subfield>
            <marc:subfield code="b">G6 1625</marc:subfield>
        </marc:datafield>
        <marc:datafield tag="100" ind1="0" ind2=" ">
            <marc:subfield code="a">Tertullian,</marc:subfield>
            <marc:subfield code="d">approximately 160-approximately 230.</marc:subfield>
        </marc:datafield>
        <marc:datafield tag="240" ind1="1" ind2="0">
            <marc:subfield code="a">Ad nationes</marc:subfield>
        </marc:datafield>
        <marc:datafield tag="245" ind1="1" ind2="0">
            <marc:subfield code="a">Q. Sept. Florentis Tertulliani Ad nationes libri duo :</marc:subfield>
            <marc:subfield code="b">hactenus inediti, nunc primùm, post m.cccc. annos, ad exemplar agobardi /</marc:subfield>
            <marc:subfield code="c">Lugdunensis Episcopi, publicati, notis etiam additis, à Iacobo Gothofredo, IC.</marc:subfield>
        </marc:datafield>
        <marc:datafield tag="246" ind1="3" ind2=" ">
            <marc:subfield code="a">Q. Sept. Florentis Tertvlliani Ad nationes libri dvo</marc:subfield>
        </marc:datafield>
        <marc:datafield tag="260" ind1=" " ind2=" ">
            <marc:subfield code="a">Geneuae :</marc:subfield>
            <marc:subfield code="a">Apud Petrum &amp; Iacobum Chouët,</marc:subfield>
            <marc:subfield code="c">MDCXXV [1625]</marc:subfield>
        </marc:datafield>
        <marc:datafield tag="300" ind1=" " ind2=" ">
            <marc:subfield code="a">[22], 178, [18] p. ;</marc:subfield>
            <marc:subfield code="c">24 cm (4to)</marc:subfield>
        </marc:datafield>
        <marc:datafield tag="500" ind1=" " ind2=" ">
            <marc:subfield code="a">Imprint information taken from stamp covering original, which reads: Avrellopoli.</marc:subfield>
        </marc:datafield>
        <marc:datafield tag="500" ind1=" " ind2=" ">
            <marc:subfield code="a">Printer's device on t.p.; head-pieces; initials.</marc:subfield>
        </marc:datafield>
        <marc:datafield tag="500" ind1=" " ind2=" ">
            <marc:subfield code="a">Includes index.</marc:subfield>
        </marc:datafield>
        <marc:datafield tag="510" ind1="4" ind2=" ">
            <marc:subfield code="a">Migne, J.-P., Patrologia Latina</marc:subfield>
            <marc:subfield code="c">49D</marc:subfield>
        </marc:datafield>
        <marc:datafield tag="541" ind1="1" ind2=" ">
            <marc:subfield code="c">Gift ;</marc:subfield>
            <marc:subfield code="a">Walter F. Welch, class of 1928 ;</marc:subfield>
            <marc:subfield code="d">1928-1966.</marc:subfield>
            <marc:subfield code="5">MMeT</marc:subfield>
        </marc:datafield>
        <marc:datafield tag="561" ind1=" " ind2=" ">
            <marc:subfield code="a">Tisch Library Special Collections copy: Armorial bookbinding of Jacques-August de Thou with his arms combined with those of his second wife, Gasparde de La Chastre, and with the conjoint monogram &quot;I A G&quot;.</marc:subfield>
            <marc:subfield code="5">MMeT</marc:subfield>
        </marc:datafield>
        <marc:datafield tag="500" ind1=" " ind2=" ">
            <marc:subfield code="a">Jacques-Auguste de Thou (1553-1617) was a historian, book collector and president of the Parlement de Paris. He assembled a private library of close to 13,000 volumes, which was available to any scholar who wished to use it.  George Agar Ellis was a British politician and a strong advocate of state support for literature and the fine arts. He was raised to the peerage as Baron of Dover.</marc:subfield>
            <marc:subfield code="5">MMeT</marc:subfield>
        </marc:datafield>
        <marc:datafield tag="561" ind1=" " ind2=" ">
            <marc:subfield code="a">Tisch Library Special Collections copy: Armorial gilt stamp on front paste-down of George Agar Ellis.</marc:subfield>
            <marc:subfield code="5">MMeT</marc:subfield>
        </marc:datafield>
        <marc:datafield tag="563" ind1=" " ind2=" ">
            <marc:subfield code="a">Tisch Library Special Collections copy: Bound in brown polished calf, central gilt escutcheon stamped in blind; spine has 5 raised bands, gilt lettering to second and third compartments, gilt conjoint monogram &quot;I A G&quot; in remaining compartments.</marc:subfield>
            <marc:subfield code="5">MMeT</marc:subfield>
        </marc:datafield>
        <marc:datafield tag="506" ind1=" " ind2=" ">
            <marc:subfield code="a">Access restricted: Apply to the curator of rare books.</marc:subfield>
            <marc:subfield code="5">MMeT</marc:subfield>
        </marc:datafield>
        <marc:datafield tag="655" ind1=" " ind2="7">
            <marc:subfield code="a">Armorial bindings (Provenance)</marc:subfield>
            <marc:subfield code="y">17th century</marc:subfield>
            <marc:subfield code="2">rbprov</marc:subfield>
            <marc:subfield code="5">MMeT</marc:subfield>
        </marc:datafield>
        <marc:datafield tag="655" ind1=" " ind2="7">
            <marc:subfield code="a">Armorial stamps (Provenance)</marc:subfield>
            <marc:subfield code="2">rbprov</marc:subfield>
            <marc:subfield code="5">MMeT</marc:subfield>
        </marc:datafield>
        <marc:datafield tag="655" ind1=" " ind2="7">
            <marc:subfield code="a">Calf bindings (Binding)</marc:subfield>
            <marc:subfield code="2">rbbin</marc:subfield>
            <marc:subfield code="5">MMeT</marc:subfield>
        </marc:datafield>
        <marc:datafield tag="655" ind1=" " ind2="7">
            <marc:subfield code="a">Quarto format (Printing)</marc:subfield>
            <marc:subfield code="2">rbpri</marc:subfield>
        </marc:datafield>
        <marc:datafield tag="655" ind1=" " ind2="7">
            <marc:subfield code="a">Printers' devices (Printing)</marc:subfield>
            <marc:subfield code="z">Switzerland</marc:subfield>
            <marc:subfield code="z">Geneva</marc:subfield>
            <marc:subfield code="y">17th century.</marc:subfield>
            <marc:subfield code="2">rbpri</marc:subfield>
        </marc:datafield>
        <marc:datafield tag="650" ind1=" " ind2="0">
            <marc:subfield code="a">Apologetics</marc:subfield>
            <marc:subfield code="v">Early works to 1800.</marc:subfield>
        </marc:datafield>
        <marc:datafield tag="650" ind1=" " ind2="0">
            <marc:subfield code="a">Apologetics</marc:subfield>
            <marc:subfield code="x">History</marc:subfield>
            <marc:subfield code="y">Early church, ca. 30-600.</marc:subfield>
        </marc:datafield>
        <marc:datafield tag="700" ind1="1" ind2=" ">
            <marc:subfield code="a">Chouet, Jacques,</marc:subfield>
            <marc:subfield code="d">1583?-1661,</marc:subfield>
            <marc:subfield code="e">printer.</marc:subfield>
        </marc:datafield>
        <marc:datafield tag="700" ind1="1" ind2=" ">
            <marc:subfield code="a">Chouet, Pierre,</marc:subfield>
            <marc:subfield code="d">1580?-1648,</marc:subfield>
            <marc:subfield code="e">printer.</marc:subfield>
        </marc:datafield>
        <marc:datafield tag="700" ind1="1" ind2=" ">
            <marc:subfield code="a">Godefroy, Jacques,</marc:subfield>
            <marc:subfield code="d">1587-1652.</marc:subfield>
        </marc:datafield>
        <marc:datafield tag="700" ind1="1" ind2=" ">
            <marc:subfield code="a">Thou, Jacques-Auguste de,</marc:subfield>
            <marc:subfield code="d">1553-1617,</marc:subfield>
            <marc:subfield code="e">former owner.</marc:subfield>
            <marc:subfield code="5">MMeT</marc:subfield>
        </marc:datafield>
        <marc:datafield tag="700" ind1="1" ind2=" ">
            <marc:subfield code="a">Welch, Walter F.,</marc:subfield>
            <marc:subfield code="e">former owner.</marc:subfield>
            <marc:subfield code="5">MMeT</marc:subfield>
        </marc:datafield>
        <marc:datafield tag="700" ind1="1" ind2=" ">
            <marc:subfield code="a">Dover, George Agar Ellis,</marc:subfield>
            <marc:subfield code="c">Baron,</marc:subfield>
            <marc:subfield code="d">1797-1833,</marc:subfield>
            <marc:subfield code="e">former owner.</marc:subfield>
            <marc:subfield code="5">MMeT</marc:subfield>
        </marc:datafield>
        <marc:datafield tag="752" ind1=" " ind2=" ">
            <marc:subfield code="a">Switzerland</marc:subfield>
            <marc:subfield code="d">Geneva.</marc:subfield>
        </marc:datafield>
        <marc:datafield tag="907" ind1=" " ind2=" ">
            <marc:subfield code="a">.b13811927</marc:subfield>
            <marc:subfield code="b">02-10-14</marc:subfield>
            <marc:subfield code="c">04-20-04</marc:subfield>
        </marc:datafield>
        <marc:datafield tag="998" ind1=" " ind2=" ">
            <marc:subfield code="a">t</marc:subfield>
            <marc:subfield code="b">02-06-14</marc:subfield>
            <marc:subfield code="c">m</marc:subfield>
            <marc:subfield code="d">a</marc:subfield>
            <marc:subfield code="e">-</marc:subfield>
            <marc:subfield code="f">lat</marc:subfield>
            <marc:subfield code="g">sz </marc:subfield>
            <marc:subfield code="h">0</marc:subfield>
            <marc:subfield code="i">1</marc:subfield>
        </marc:datafield>
        <marc:datafield tag="910" ind1=" " ind2=" ">
            <marc:subfield code="a">66 01/2014 </marc:subfield>
        </marc:datafield>
        <marc:datafield tag="910" ind1=" " ind2=" ">
            <marc:subfield code="a">NO LTI </marc:subfield>
        </marc:datafield>
        <marc:datafield tag="994" ind1=" " ind2=" ">
            <marc:subfield code="a">C0</marc:subfield>
            <marc:subfield code="b">TFW</marc:subfield>
        </marc:datafield>
        <marc:datafield tag="945" ind1=" " ind2=" ">
            <marc:subfield code="a">BR65.T35</marc:subfield>
            <marc:subfield code="b">G6 1625</marc:subfield>
            <marc:subfield code="c">c.1</marc:subfield>
            <marc:subfield code="g">1</marc:subfield>
            <marc:subfield code="i">39090016308419</marc:subfield>
            <marc:subfield code="l">ta   </marc:subfield>
            <marc:subfield code="o">-</marc:subfield>
            <marc:subfield code="p">$0.00</marc:subfield>
            <marc:subfield code="q">-</marc:subfield>
            <marc:subfield code="r">-</marc:subfield>
            <marc:subfield code="s">o</marc:subfield>
            <marc:subfield code="t">0</marc:subfield>
            <marc:subfield code="u">0</marc:subfield>
            <marc:subfield code="v">0</marc:subfield>
            <marc:subfield code="w">0</marc:subfield>
            <marc:subfield code="x">0</marc:subfield>
            <marc:subfield code="y">.i15291431</marc:subfield>
            <marc:subfield code="z">04-27-04</marc:subfield>
        </marc:datafield>
    </marc:record>