
    <marc:record>
        <marc:leader>02321cam a2200469Ia 4500</marc:leader>
        <marc:controlfield tag="001">ocm31266139</marc:controlfield>
        <marc:controlfield tag="003">OCoLC</marc:controlfield>
        <marc:controlfield tag="005">20140219122712.0</marc:controlfield>
        <marc:controlfield tag="008">941012s1713    ne ab         000 0 fre d</marc:controlfield>
        <marc:datafield tag="035" ind1=" " ind2=" ">
            <marc:subfield code="a">(OCoLC)31266139</marc:subfield>
        </marc:datafield>
        <marc:datafield tag="040" ind1=" " ind2=" ">
            <marc:subfield code="a">TFW</marc:subfield>
            <marc:subfield code="b">eng</marc:subfield>
            <marc:subfield code="c">TFW</marc:subfield>
            <marc:subfield code="d">OCLCG</marc:subfield>
            <marc:subfield code="d">KRTAS</marc:subfield>
            <marc:subfield code="d">OCLCQ</marc:subfield>
            <marc:subfield code="d">TFW</marc:subfield>
            <marc:subfield code="e">dcrmb</marc:subfield>
        </marc:datafield>
        <marc:datafield tag="049" ind1=" " ind2=" ">
            <marc:subfield code="a">TFWW</marc:subfield>
        </marc:datafield>
        <marc:datafield tag="050" ind1=" " ind2="4">
            <marc:subfield code="a">DS116</marc:subfield>
            <marc:subfield code="b">.C95 1713</marc:subfield>
        </marc:datafield>
        <marc:datafield tag="100" ind1="1" ind2=" ">
            <marc:subfield code="a">Basnage, Jacques,</marc:subfield>
            <marc:subfield code="c">sieur de Beauval,</marc:subfield>
            <marc:subfield code="d">1653-1723.</marc:subfield>
        </marc:datafield>
        <marc:datafield tag="245" ind1="1" ind2="0">
            <marc:subfield code="a">Antiquitez judaïques, ou, Remarques Critiques sur La republique des Hebreux /</marc:subfield>
            <marc:subfield code="c">par Mr. Basnage.</marc:subfield>
        </marc:datafield>
        <marc:datafield tag="246" ind1="3" ind2=" ">
            <marc:subfield code="a">Remarques critiques sur La republique des Hebreux</marc:subfield>
        </marc:datafield>
        <marc:datafield tag="260" ind1=" " ind2=" ">
            <marc:subfield code="a">A Amsterdam :</marc:subfield>
            <marc:subfield code="b">Chez les freres Chatelain,</marc:subfield>
            <marc:subfield code="c">MDCCXII [1713]</marc:subfield>
        </marc:datafield>
        <marc:datafield tag="300" ind1=" " ind2=" ">
            <marc:subfield code="a">2 v. :</marc:subfield>
            <marc:subfield code="b">ill., maps, plates (folded)  ;</marc:subfield>
            <marc:subfield code="c">18 cm (8vo)</marc:subfield>
        </marc:datafield>
        <marc:datafield tag="500" ind1=" " ind2=" ">
            <marc:subfield code="a">Commentary on La republique des Hebreux of Petrus Cumaeus, of which it forms volumes 4 and 5.</marc:subfield>
        </marc:datafield>
        <marc:datafield tag="500" ind1=" " ind2=" ">
            <marc:subfield code="a">Attributed to Petrus Cunaeus.</marc:subfield>
        </marc:datafield>
        <marc:datafield tag="500" ind1=" " ind2=" ">
            <marc:subfield code="a">Title pages in red and black; title vignettes; initials; head- and tail-pieces.</marc:subfield>
        </marc:datafield>
        <marc:datafield tag="500" ind1=" " ind2=" ">
            <marc:subfield code="a">Added engraved title pages.</marc:subfield>
        </marc:datafield>
        <marc:datafield tag="500" ind1=" " ind2=" ">
            <marc:subfield code="a">Catalogue des livres imprimez à Amsterdam, chez les freres Chatelain: t. 4, p. [2]-[6] second sequence.</marc:subfield>
        </marc:datafield>
        <marc:datafield tag="504" ind1=" " ind2=" ">
            <marc:subfield code="a">Includes bibliographical references and indexes.</marc:subfield>
        </marc:datafield>
        <marc:datafield tag="505" ind1="1" ind2=" ">
            <marc:subfield code="a">Tome 4: lxxiv, [6], 360,*361-379, [13] p., [14] folded leaves of plates; t. 5: [18], 361-884, [12] p., [9] leaves of plates (chiefly folded).</marc:subfield>
        </marc:datafield>
        <marc:datafield tag="563" ind1=" " ind2=" ">
            <marc:subfield code="a">Tisch Library Special Collections copy: Bound in worn leather boards, hinges cracked; red morocco lettering piece to spine, gilt compartments.</marc:subfield>
            <marc:subfield code="5">MMeT</marc:subfield>
        </marc:datafield>
        <marc:datafield tag="506" ind1=" " ind2=" ">
            <marc:subfield code="a">Access restricted: Apply to the curator of rare books.</marc:subfield>
            <marc:subfield code="5">MMeT</marc:subfield>
        </marc:datafield>
        <marc:datafield tag="630" ind1="0" ind2="0">
            <marc:subfield code="a">Bible</marc:subfield>
            <marc:subfield code="x">Antiquities.</marc:subfield>
        </marc:datafield>
        <marc:datafield tag="650" ind1=" " ind2="0">
            <marc:subfield code="a">Jews</marc:subfield>
            <marc:subfield code="x">Antiquities.</marc:subfield>
        </marc:datafield>
        <marc:datafield tag="655" ind1=" " ind2="7">
            <marc:subfield code="a">Octavo format (Printing)</marc:subfield>
            <marc:subfield code="2">rbpri</marc:subfield>
        </marc:datafield>
        <marc:datafield tag="655" ind1=" " ind2="7">
            <marc:subfield code="a">Printing in multiple colors (Printing)</marc:subfield>
            <marc:subfield code="2">rbpri</marc:subfield>
        </marc:datafield>
        <marc:datafield tag="655" ind1=" " ind2="7">
            <marc:subfield code="a">Leather bindings (Binding)</marc:subfield>
            <marc:subfield code="2">rbbin</marc:subfield>
            <marc:subfield code="5">MMeT</marc:subfield>
        </marc:datafield>
        <marc:datafield tag="700" ind1="1" ind2=" ">
            <marc:subfield code="a">Cunaeus, Petrus,</marc:subfield>
            <marc:subfield code="d">1586-1638.</marc:subfield>
        </marc:datafield>
        <marc:datafield tag="700" ind1="1" ind2=" ">
            <marc:subfield code="a">Chatelain, Zacharias,</marc:subfield>
            <marc:subfield code="d">1690-1754,</marc:subfield>
            <marc:subfield code="e">printer.</marc:subfield>
        </marc:datafield>
        <marc:datafield tag="752" ind1=" " ind2=" ">
            <marc:subfield code="a">Netherlands</marc:subfield>
            <marc:subfield code="d">Amsterdam.</marc:subfield>
        </marc:datafield>
        <marc:datafield tag="907" ind1=" " ind2=" ">
            <marc:subfield code="a">.b14051199</marc:subfield>
            <marc:subfield code="b">02-19-14</marc:subfield>
            <marc:subfield code="c">04-20-04</marc:subfield>
        </marc:datafield>
        <marc:datafield tag="998" ind1=" " ind2=" ">
            <marc:subfield code="a">t</marc:subfield>
            <marc:subfield code="b">02-19-14</marc:subfield>
            <marc:subfield code="c">m</marc:subfield>
            <marc:subfield code="d">a</marc:subfield>
            <marc:subfield code="e">-</marc:subfield>
            <marc:subfield code="f">fre</marc:subfield>
            <marc:subfield code="g">ne </marc:subfield>
            <marc:subfield code="h">0</marc:subfield>
            <marc:subfield code="i">1</marc:subfield>
        </marc:datafield>
        <marc:datafield tag="938" ind1=" " ind2=" ">
            <marc:subfield code="a">Kirtas Technologies, Inc.</marc:subfield>
            <marc:subfield code="b">KRTS</marc:subfield>
            <marc:subfield code="n">415700</marc:subfield>
        </marc:datafield>
        <marc:datafield tag="910" ind1=" " ind2=" ">
            <marc:subfield code="a">66 02/2014 </marc:subfield>
        </marc:datafield>
        <marc:datafield tag="910" ind1=" " ind2=" ">
            <marc:subfield code="a">NO LTI </marc:subfield>
        </marc:datafield>
        <marc:datafield tag="994" ind1=" " ind2=" ">
            <marc:subfield code="a">C0</marc:subfield>
            <marc:subfield code="b">TFW</marc:subfield>
        </marc:datafield>
        <marc:datafield tag="945" ind1=" " ind2=" ">
            <marc:subfield code="a">DS116</marc:subfield>
            <marc:subfield code="b">.C95 1713</marc:subfield>
            <marc:subfield code="c">v.1 c.1</marc:subfield>
            <marc:subfield code="g">1</marc:subfield>
            <marc:subfield code="i">39090016373892</marc:subfield>
            <marc:subfield code="i">39090006546754</marc:subfield>
            <marc:subfield code="l">ta   </marc:subfield>
            <marc:subfield code="o">-</marc:subfield>
            <marc:subfield code="p">$0.00</marc:subfield>
            <marc:subfield code="q">-</marc:subfield>
            <marc:subfield code="r">-</marc:subfield>
            <marc:subfield code="s">o</marc:subfield>
            <marc:subfield code="t">0</marc:subfield>
            <marc:subfield code="u">0</marc:subfield>
            <marc:subfield code="v">0</marc:subfield>
            <marc:subfield code="w">0</marc:subfield>
            <marc:subfield code="x">0</marc:subfield>
            <marc:subfield code="y">.i15576838</marc:subfield>
            <marc:subfield code="z">04-27-04</marc:subfield>
        </marc:datafield>
    </marc:record>