
    <marc:record>
        <marc:leader>03184cam a2200481Ia 4500</marc:leader>
        <marc:controlfield tag="001">ocm45380669</marc:controlfield>
        <marc:controlfield tag="003">OCoLC</marc:controlfield>
        <marc:controlfield tag="005">20100521105352.0</marc:controlfield>
        <marc:controlfield tag="008">001117s1561    gw a          000 0 ger d</marc:controlfield>
        <marc:datafield tag="035" ind1=" " ind2=" ">
            <marc:subfield code="a">(OCoLC)45380669</marc:subfield>
        </marc:datafield>
        <marc:datafield tag="040" ind1=" " ind2=" ">
            <marc:subfield code="a">ZBS</marc:subfield>
            <marc:subfield code="c">ZBS</marc:subfield>
            <marc:subfield code="d">OCLCQ</marc:subfield>
            <marc:subfield code="d">OCLCG</marc:subfield>
        </marc:datafield>
        <marc:datafield tag="041" ind1="1" ind2=" ">
            <marc:subfield code="a">ger</marc:subfield>
            <marc:subfield code="h">heb</marc:subfield>
            <marc:subfield code="a">arc</marc:subfield>
            <marc:subfield code="a">grc</marc:subfield>
        </marc:datafield>
        <marc:datafield tag="049" ind1=" " ind2=" ">
            <marc:subfield code="a">TFWW</marc:subfield>
        </marc:datafield>
        <marc:datafield tag="130" ind1="0" ind2=" ">
            <marc:subfield code="a">Bible.</marc:subfield>
            <marc:subfield code="l">German.</marc:subfield>
            <marc:subfield code="s">Dietenberger.</marc:subfield>
            <marc:subfield code="f">1561.</marc:subfield>
        </marc:datafield>
        <marc:datafield tag="245" ind1="1" ind2="0">
            <marc:subfield code="a">Bibell, das ist Alle bʻucher Alts und News Testamẽts, nach alter in Christlicher Kyrchen gehabter Translation mit Auslegung etlicher dunckėler ort vñbesserung vieler verruckṫer wort vñ sprʻuche so biss anher in andṅ Deutschen Bibeln gespʻurt vnd gesehen /</marc:subfield>
            <marc:subfield code="c">Durch Doctor Johan Dietenberger fleissig trewlich vnd Christlich corrigiert vnd gebessert in seinem leben vñ nun zum funfften mal fleissiger dañ je vorhin ausgangen ; mit Biblischen (wie man sie nent) Concordantzẽ von newem vberaus reichlich gemehret.</marc:subfield>
        </marc:datafield>
        <marc:datafield tag="250" ind1=" " ind2=" ">
            <marc:subfield code="a">[5th ed.]</marc:subfield>
        </marc:datafield>
        <marc:datafield tag="260" ind1=" " ind2=" ">
            <marc:subfield code="a">Zu Cʻoln :</marc:subfield>
            <marc:subfield code="b">Durch die Erben des achtbarẽ Johan Quentels vñ Geruwinum Calenium,</marc:subfield>
            <marc:subfield code="c">im jar nach Christi geburt 1561.</marc:subfield>
        </marc:datafield>
        <marc:datafield tag="300" ind1=" " ind2=" ">
            <marc:subfield code="a">[x], dxxxviii, clxix p. :</marc:subfield>
            <marc:subfield code="b">ill. (woodcuts) ;</marc:subfield>
            <marc:subfield code="c">31 cm (fol.)</marc:subfield>
        </marc:datafield>
        <marc:datafield tag="500" ind1=" " ind2=" ">
            <marc:subfield code="a">Spine title: Die Bibell.</marc:subfield>
        </marc:datafield>
        <marc:datafield tag="500" ind1=" " ind2=" ">
            <marc:subfield code="a">&quot;Mit gnad vñ freiheit des Rʻomischen Keisers Ferdinand in zehen jaren nit nach zu drucken.&quot;</marc:subfield>
        </marc:datafield>
        <marc:datafield tag="500" ind1=" " ind2=" ">
            <marc:subfield code="a">Edition statement supplied by cataloging agency.</marc:subfield>
        </marc:datafield>
        <marc:datafield tag="500" ind1=" " ind2=" ">
            <marc:subfield code="a">The Holy Bible in German, including the Deuterocanonical Books.</marc:subfield>
        </marc:datafield>
        <marc:datafield tag="500" ind1=" " ind2=" ">
            <marc:subfield code="a">Title page in red and black with woodcut border.</marc:subfield>
        </marc:datafield>
        <marc:datafield tag="500" ind1=" " ind2=" ">
            <marc:subfield code="a">Woodcut illustrations throughout.</marc:subfield>
        </marc:datafield>
        <marc:datafield tag="500" ind1=" " ind2=" ">
            <marc:subfield code="a">Signatures: A⁶ a-z⁶6 aa-zz⁶ aaa-zzz⁶ aaaa-vvvv⁶ xxxx⁴; A-Z⁶ AA-DD⁶ EE-FF⁴.</marc:subfield>
        </marc:datafield>
        <marc:datafield tag="500" ind1=" " ind2=" ">
            <marc:subfield code="a">The New Testament has special title page and pagination (third group of pages).</marc:subfield>
        </marc:datafield>
        <marc:datafield tag="500" ind1=" " ind2=" ">
            <marc:subfield code="a">Text printed in double column, paragraph form, without verse numbers. Text centered across top of both pages. Chapter summaries in smaller type. References in both inner and outer margin. Large ornamental capitals, woodcuts throughout the volume.</marc:subfield>
        </marc:datafield>
        <marc:datafield tag="510" ind1="4" ind2=" ">
            <marc:subfield code="a">Württembergische Landesbibliothek, Stuttgart,</marc:subfield>
            <marc:subfield code="c">Bb deutsch 1561 02</marc:subfield>
        </marc:datafield>
        <marc:datafield tag="520" ind1=" " ind2=" ">
            <marc:subfield code="a">This is a 1561 edition of the Catholic German Bible as translated by Johann Dietenberger and is notable as a key German work of the Counter-Reformation, preceding Johann Ecks Bible. Dietenberger's version is indebted to the New Testament of Hieronymous Emser, the Apocrypha of Leo Juda, the Vulgate Latin, and the work of Luther.</marc:subfield>
        </marc:datafield>
        <marc:datafield tag="563" ind1=" " ind2=" ">
            <marc:subfield code="a">Tisch Library Special Collections copy: Bound in black leather over wooden boards; clasps.</marc:subfield>
        </marc:datafield>
        <marc:datafield tag="655" ind1=" " ind2="7">
            <marc:subfield code="a">Folio format (Printing)</marc:subfield>
            <marc:subfield code="2">rbpri</marc:subfield>
        </marc:datafield>
        <marc:datafield tag="655" ind1=" " ind2="7">
            <marc:subfield code="a">Printing in multiple colors (Printing)</marc:subfield>
            <marc:subfield code="2">rbpri</marc:subfield>
        </marc:datafield>
        <marc:datafield tag="655" ind1=" " ind2="7">
            <marc:subfield code="a">Clasps (Binding)</marc:subfield>
            <marc:subfield code="2">rbbin</marc:subfield>
            <marc:subfield code="5">MMeT</marc:subfield>
        </marc:datafield>
        <marc:datafield tag="655" ind1=" " ind2="7">
            <marc:subfield code="a">Leather bindings (Binding)</marc:subfield>
            <marc:subfield code="2">rbbin</marc:subfield>
            <marc:subfield code="5">MMeT</marc:subfield>
        </marc:datafield>
        <marc:datafield tag="700" ind1="1" ind2=" ">
            <marc:subfield code="a">Dietenberger, Johann,</marc:subfield>
            <marc:subfield code="d">approximately 1475-1537.</marc:subfield>
        </marc:datafield>
        <marc:datafield tag="700" ind1="1" ind2=" ">
            <marc:subfield code="a">Quentel, Johann,</marc:subfield>
            <marc:subfield code="d">-approximately 1551.</marc:subfield>
        </marc:datafield>
        <marc:datafield tag="752" ind1=" " ind2=" ">
            <marc:subfield code="a">Germany</marc:subfield>
            <marc:subfield code="d">Cologne.</marc:subfield>
        </marc:datafield>
        <marc:datafield tag="907" ind1=" " ind2=" ">
            <marc:subfield code="a">.b19612667</marc:subfield>
            <marc:subfield code="b">02-10-14</marc:subfield>
            <marc:subfield code="c">07-07-09</marc:subfield>
        </marc:datafield>
        <marc:datafield tag="998" ind1=" " ind2=" ">
            <marc:subfield code="a">t</marc:subfield>
            <marc:subfield code="b">02-04-14</marc:subfield>
            <marc:subfield code="c">m</marc:subfield>
            <marc:subfield code="d">a</marc:subfield>
            <marc:subfield code="e">-</marc:subfield>
            <marc:subfield code="f">ger</marc:subfield>
            <marc:subfield code="g">gw </marc:subfield>
            <marc:subfield code="h">0</marc:subfield>
            <marc:subfield code="i">0</marc:subfield>
        </marc:datafield>
        <marc:datafield tag="910" ind1=" " ind2=" ">
            <marc:subfield code="a">66 01/2014 </marc:subfield>
        </marc:datafield>
        <marc:datafield tag="910" ind1=" " ind2=" ">
            <marc:subfield code="a">NO LTI </marc:subfield>
        </marc:datafield>
        <marc:datafield tag="994" ind1=" " ind2=" ">
            <marc:subfield code="a">C0</marc:subfield>
            <marc:subfield code="b">TFW</marc:subfield>
        </marc:datafield>
        <marc:datafield tag="945" ind1=" " ind2=" ">
            <marc:subfield code="a">BS237</marc:subfield>
            <marc:subfield code="b">1561     </marc:subfield>
            <marc:subfield code="g">1</marc:subfield>
            <marc:subfield code="i">39090015538156</marc:subfield>
            <marc:subfield code="l">ta   </marc:subfield>
            <marc:subfield code="o">-</marc:subfield>
            <marc:subfield code="p">$0.00</marc:subfield>
            <marc:subfield code="q">-</marc:subfield>
            <marc:subfield code="r">-</marc:subfield>
            <marc:subfield code="s">o</marc:subfield>
            <marc:subfield code="t">0</marc:subfield>
            <marc:subfield code="u">0</marc:subfield>
            <marc:subfield code="v">0</marc:subfield>
            <marc:subfield code="w">0</marc:subfield>
            <marc:subfield code="x">0</marc:subfield>
            <marc:subfield code="y">.i20378373</marc:subfield>
            <marc:subfield code="z">09-09-09</marc:subfield>
        </marc:datafield>
    </marc:record>