
    <marc:record>
        <marc:leader>03746cam a2200637La 4500</marc:leader>
        <marc:controlfield tag="001">ocm40382831</marc:controlfield>
        <marc:controlfield tag="003">OCoLC</marc:controlfield>
        <marc:controlfield tag="005">20130506011832.0</marc:controlfield>
        <marc:controlfield tag="008">981016s1584    enk      d    000 0 lat d</marc:controlfield>
        <marc:datafield tag="035" ind1=" " ind2=" ">
            <marc:subfield code="a">(OCoLC)40382831</marc:subfield>
        </marc:datafield>
        <marc:datafield tag="040" ind1=" " ind2=" ">
            <marc:subfield code="a">HUV</marc:subfield>
            <marc:subfield code="c">HUV</marc:subfield>
            <marc:subfield code="d">OCL</marc:subfield>
            <marc:subfield code="d">OCLCQ</marc:subfield>
            <marc:subfield code="d">OCLCG</marc:subfield>
            <marc:subfield code="d">ERN</marc:subfield>
            <marc:subfield code="d">OCLCA</marc:subfield>
        </marc:datafield>
        <marc:datafield tag="041" ind1="0" ind2=" ">
            <marc:subfield code="a">latenggrc</marc:subfield>
        </marc:datafield>
        <marc:datafield tag="049" ind1=" " ind2=" ">
            <marc:subfield code="a">TFWW</marc:subfield>
        </marc:datafield>
        <marc:datafield tag="050" ind1=" " ind2="4">
            <marc:subfield code="a">PA2365.E5</marc:subfield>
            <marc:subfield code="b">C6 1584</marc:subfield>
        </marc:datafield>
        <marc:datafield tag="090" ind1=" " ind2=" ">
            <marc:subfield code="a">PA2365.E5</marc:subfield>
            <marc:subfield code="b">C64 1584</marc:subfield>
        </marc:datafield>
        <marc:datafield tag="100" ind1="1" ind2=" ">
            <marc:subfield code="a">Cooper, Thomas,</marc:subfield>
            <marc:subfield code="d">1517?-1594.</marc:subfield>
        </marc:datafield>
        <marc:datafield tag="245" ind1="1" ind2="0">
            <marc:subfield code="a">Thesaurus linguae Romanae &amp; Britannicae :</marc:subfield>
            <marc:subfield code="b">tam accurate congestus, ut nihil penè in eo desyderari possit, quod vel Latinè complectatur amplissimus Stephani Thesaurus, vel Anglicè, toties aucta Eliotae Bibliotheca /</marc:subfield>
            <marc:subfield code="c">opera &amp; industria Thomae Cooperi Magdalenensis. ; Quid fructus ex hoc thesauro studiosi possint excerpere, &amp; quam rationem secutus author sit in vocabularum interpretatione &amp; dispositione, post epistolam demonstratur. ; Accessit dictionarium historicum &amp; poëticum vocabula vivorum, mulierum, sectarum, popularum, vrbium, montium, &amp; caeterorum locorum complectens, &amp; in his iucundissimus &amp; omnium cognitione dignissimas historias.</marc:subfield>
        </marc:datafield>
        <marc:datafield tag="246" ind1="3" ind2=" ">
            <marc:subfield code="a">Thesavrvs lingvae Romanae &amp; Britannicae</marc:subfield>
        </marc:datafield>
        <marc:datafield tag="246" ind1="3" ind2=" ">
            <marc:subfield code="a">Thesaurus linguae Romanae et Britannicae</marc:subfield>
        </marc:datafield>
        <marc:datafield tag="246" ind1="1" ind2="3">
            <marc:subfield code="a">Cooperi Thesauri</marc:subfield>
        </marc:datafield>
        <marc:datafield tag="260" ind1=" " ind2=" ">
            <marc:subfield code="a">Impressum Londini :</marc:subfield>
            <marc:subfield code="b">[In aedibus Henrici Bynnemani Typographi],</marc:subfield>
            <marc:subfield code="c">1584.</marc:subfield>
        </marc:datafield>
        <marc:datafield tag="300" ind1=" " ind2=" ">
            <marc:subfield code="a">[1716] p. ;</marc:subfield>
            <marc:subfield code="c">31 cm (fol. in 6s)</marc:subfield>
        </marc:datafield>
        <marc:datafield tag="500" ind1=" " ind2=" ">
            <marc:subfield code="a">Signatures: [par.]⁶ [A-[Y⁶ [2A-[2Y⁶ [3A-[3Y⁶ [4A-[4Y⁶ [5A-[5Y⁶ [6A-[6V⁶ 7A-7M⁶.</marc:subfield>
        </marc:datafield>
        <marc:datafield tag="500" ind1=" " ind2=" ">
            <marc:subfield code="a">Bookseller's name from colophon: Excusum Londini, in aedibus Henrici Bynnemani Typographi. Anno salutis humanae. MDLXXXIIII. (&quot;M&quot; and &quot;D&quot; made with turned &quot;C&quot;s).</marc:subfield>
        </marc:datafield>
        <marc:datafield tag="500" ind1=" " ind2=" ">
            <marc:subfield code="a">Printer identified as Henry Denham by STC.</marc:subfield>
        </marc:datafield>
        <marc:datafield tag="500" ind1=" " ind2=" ">
            <marc:subfield code="a">First and last leaves are blank.</marc:subfield>
        </marc:datafield>
        <marc:datafield tag="500" ind1=" " ind2=" ">
            <marc:subfield code="a">An expansion of Henri Estienne's &quot;Thesaurus Graecae linguae&quot; and Thomas Elyot's &quot;Eliotae Bibliotheca.&quot;</marc:subfield>
        </marc:datafield>
        <marc:datafield tag="500" ind1=" " ind2=" ">
            <marc:subfield code="a">&quot;Dictionarium historicum &amp; poeticum&quot; begins on leaf 7A1.</marc:subfield>
        </marc:datafield>
        <marc:datafield tag="500" ind1=" " ind2=" ">
            <marc:subfield code="a">With initials.</marc:subfield>
        </marc:datafield>
        <marc:datafield tag="546" ind1=" " ind2=" ">
            <marc:subfield code="a">In Latin and English with some verses in Greek in the preface.</marc:subfield>
        </marc:datafield>
        <marc:datafield tag="510" ind1="4" ind2=" ">
            <marc:subfield code="a">STC (2nd ed.),</marc:subfield>
            <marc:subfield code="c">5689</marc:subfield>
        </marc:datafield>
        <marc:datafield tag="510" ind1="4" ind2=" ">
            <marc:subfield code="a">ESTC (RLIN),</marc:subfield>
            <marc:subfield code="c">S121950</marc:subfield>
        </marc:datafield>
        <marc:datafield tag="541" ind1="1" ind2=" ">
            <marc:subfield code="c">Gift ;</marc:subfield>
            <marc:subfield code="a">Walter F. Welch, class of 1928 ;</marc:subfield>
            <marc:subfield code="d">1928-1966.</marc:subfield>
            <marc:subfield code="5">MMeT</marc:subfield>
        </marc:datafield>
        <marc:datafield tag="561" ind1=" " ind2=" ">
            <marc:subfield code="a">Tisch Library Special Collections copy: Notes in ink on the second leaf, and is autographed, Edward Ward, 1738, June 28th.  Front pastedown has bookplate of the Earl of Rosebery.  </marc:subfield>
        </marc:datafield>
        <marc:datafield tag="563" ind1=" " ind2=" ">
            <marc:subfield code="a">Tisch Library Special Collections copy: Half-bound, polished calf, re-backed; previously disbound.</marc:subfield>
            <marc:subfield code="5">MMeT</marc:subfield>
        </marc:datafield>
        <marc:datafield tag="506" ind1=" " ind2=" ">
            <marc:subfield code="a">Access restricted: Apply to the curator of rare books.</marc:subfield>
            <marc:subfield code="5">MMeT</marc:subfield>
        </marc:datafield>
        <marc:datafield tag="655" ind1=" " ind2="7">
            <marc:subfield code="a">Half bindings (Binding)</marc:subfield>
            <marc:subfield code="2">rbbin</marc:subfield>
            <marc:subfield code="5">MMeT</marc:subfield>
        </marc:datafield>
        <marc:datafield tag="655" ind1=" " ind2="7">
            <marc:subfield code="a">Autographs (Provenance)</marc:subfield>
            <marc:subfield code="2">rbprov</marc:subfield>
            <marc:subfield code="5">MMeT</marc:subfield>
        </marc:datafield>
        <marc:datafield tag="655" ind1=" " ind2="7">
            <marc:subfield code="a">Bookplates (Provenance)</marc:subfield>
            <marc:subfield code="2">rbprov</marc:subfield>
            <marc:subfield code="5">MMeT</marc:subfield>
        </marc:datafield>
        <marc:datafield tag="655" ind1=" " ind2="7">
            <marc:subfield code="a">Folio format (Printing)</marc:subfield>
            <marc:subfield code="2">rbpri</marc:subfield>
        </marc:datafield>
        <marc:datafield tag="650" ind1=" " ind2="0">
            <marc:subfield code="a">Latin language</marc:subfield>
            <marc:subfield code="v">Dictionaries</marc:subfield>
            <marc:subfield code="x">English.</marc:subfield>
        </marc:datafield>
        <marc:datafield tag="650" ind1=" " ind2="0">
            <marc:subfield code="a">Classical dictionaries</marc:subfield>
            <marc:subfield code="v">Early works to 1800.</marc:subfield>
        </marc:datafield>
        <marc:datafield tag="700" ind1="1" ind2=" ">
            <marc:subfield code="a">Estienne, Henri,</marc:subfield>
            <marc:subfield code="d">1531-1598.</marc:subfield>
            <marc:subfield code="t">Thesaurus Gracae linguae.</marc:subfield>
        </marc:datafield>
        <marc:datafield tag="700" ind1="1" ind2=" ">
            <marc:subfield code="a">Elyot, Thomas,</marc:subfield>
            <marc:subfield code="c">Sir,</marc:subfield>
            <marc:subfield code="d">1490?-1546.</marc:subfield>
            <marc:subfield code="t">Bibliotheca.</marc:subfield>
        </marc:datafield>
        <marc:datafield tag="700" ind1="1" ind2="2">
            <marc:subfield code="a">Cooper, Thomas,</marc:subfield>
            <marc:subfield code="d">1517?-1594.</marc:subfield>
            <marc:subfield code="t">Dictionarium historicum and poeticum.</marc:subfield>
        </marc:datafield>
        <marc:datafield tag="700" ind1="1" ind2=" ">
            <marc:subfield code="a">Denham, Henry,</marc:subfield>
            <marc:subfield code="d">-1589?</marc:subfield>
            <marc:subfield code="e">printer,</marc:subfield>
            <marc:subfield code="e">attributed name.</marc:subfield>
        </marc:datafield>
        <marc:datafield tag="700" ind1="1" ind2=" ">
            <marc:subfield code="a">Bynneman, Henry,</marc:subfield>
            <marc:subfield code="d">-1583,</marc:subfield>
            <marc:subfield code="e">bookseller.</marc:subfield>
        </marc:datafield>
        <marc:datafield tag="700" ind1="1" ind2=" ">
            <marc:subfield code="a">Welch, Walter F.,</marc:subfield>
            <marc:subfield code="e">former owner.</marc:subfield>
            <marc:subfield code="5">MMeT</marc:subfield>
        </marc:datafield>
        <marc:datafield tag="700" ind1="1" ind2=" ">
            <marc:subfield code="a">Rosebery, Archibald Philip Primrose,</marc:subfield>
            <marc:subfield code="c">Earl of,</marc:subfield>
            <marc:subfield code="d">1847-1929,</marc:subfield>
            <marc:subfield code="e">former owner.</marc:subfield>
        </marc:datafield>
        <marc:datafield tag="752" ind1=" " ind2=" ">
            <marc:subfield code="a">England</marc:subfield>
            <marc:subfield code="d">London.</marc:subfield>
        </marc:datafield>
        <marc:datafield tag="907" ind1=" " ind2=" ">
            <marc:subfield code="a">.b19700489</marc:subfield>
            <marc:subfield code="b">02-10-14</marc:subfield>
            <marc:subfield code="c">10-21-09</marc:subfield>
        </marc:datafield>
        <marc:datafield tag="998" ind1=" " ind2=" ">
            <marc:subfield code="a">t</marc:subfield>
            <marc:subfield code="b">02-04-14</marc:subfield>
            <marc:subfield code="c">m</marc:subfield>
            <marc:subfield code="d">a</marc:subfield>
            <marc:subfield code="e">-</marc:subfield>
            <marc:subfield code="f">lat</marc:subfield>
            <marc:subfield code="g">enk</marc:subfield>
            <marc:subfield code="h">0</marc:subfield>
            <marc:subfield code="i">1</marc:subfield>
        </marc:datafield>
        <marc:datafield tag="910" ind1=" " ind2=" ">
            <marc:subfield code="a">66 01/2014 </marc:subfield>
        </marc:datafield>
        <marc:datafield tag="910" ind1=" " ind2=" ">
            <marc:subfield code="a">NO LTI </marc:subfield>
        </marc:datafield>
        <marc:datafield tag="994" ind1=" " ind2=" ">
            <marc:subfield code="a">C0</marc:subfield>
            <marc:subfield code="b">TFW</marc:subfield>
        </marc:datafield>
        <marc:datafield tag="945" ind1=" " ind2=" ">
            <marc:subfield code="a">PA2365.E5</marc:subfield>
            <marc:subfield code="b">C64 1584</marc:subfield>
            <marc:subfield code="g">1</marc:subfield>
            <marc:subfield code="i">39090016308633</marc:subfield>
            <marc:subfield code="l">tao  </marc:subfield>
            <marc:subfield code="o">-</marc:subfield>
            <marc:subfield code="p">$0.00</marc:subfield>
            <marc:subfield code="q">-</marc:subfield>
            <marc:subfield code="r">-</marc:subfield>
            <marc:subfield code="s">o</marc:subfield>
            <marc:subfield code="t">0</marc:subfield>
            <marc:subfield code="u">0</marc:subfield>
            <marc:subfield code="v">0</marc:subfield>
            <marc:subfield code="w">0</marc:subfield>
            <marc:subfield code="x">0</marc:subfield>
            <marc:subfield code="y">.i20427025</marc:subfield>
            <marc:subfield code="z">10-21-09</marc:subfield>
        </marc:datafield>
    </marc:record>