
    <marc:record>
        <marc:leader>02881cam a2200601Ia 4500</marc:leader>
        <marc:controlfield tag="001">ocm02858461</marc:controlfield>
        <marc:controlfield tag="003">OCoLC</marc:controlfield>
        <marc:controlfield tag="005">20120914110454.0</marc:controlfield>
        <marc:controlfield tag="006">m        u        </marc:controlfield>
        <marc:controlfield tag="008">770404s1569    sz            000 0 lat  </marc:controlfield>
        <marc:datafield tag="010" ind1=" " ind2=" ">
            <marc:subfield code="a">01021048</marc:subfield>
        </marc:datafield>
        <marc:datafield tag="024" ind1="7" ind2=" ">
            <marc:subfield code="a">urn:nbn:de:bvb:12-bsb10205238-3</marc:subfield>
            <marc:subfield code="2">urn</marc:subfield>
        </marc:datafield>
        <marc:datafield tag="035" ind1=" " ind2=" ">
            <marc:subfield code="a">(OCoLC)2858461</marc:subfield>
        </marc:datafield>
        <marc:datafield tag="040" ind1=" " ind2=" ">
            <marc:subfield code="a">DLC</marc:subfield>
            <marc:subfield code="e">dcrb</marc:subfield>
            <marc:subfield code="c">UUM</marc:subfield>
            <marc:subfield code="d">UUM</marc:subfield>
            <marc:subfield code="d">SER</marc:subfield>
            <marc:subfield code="d">CUS</marc:subfield>
            <marc:subfield code="d">OCLCQ</marc:subfield>
            <marc:subfield code="d">OCLCG</marc:subfield>
            <marc:subfield code="d">STF</marc:subfield>
            <marc:subfield code="d">DEBBG</marc:subfield>
            <marc:subfield code="d">TFW</marc:subfield>
            <marc:subfield code="e">dcrmb</marc:subfield>
        </marc:datafield>
        <marc:datafield tag="041" ind1="1" ind2=" ">
            <marc:subfield code="a">lat</marc:subfield>
            <marc:subfield code="a">grc</marc:subfield>
            <marc:subfield code="h">grc</marc:subfield>
        </marc:datafield>
        <marc:datafield tag="049" ind1=" " ind2=" ">
            <marc:subfield code="a">TFWW</marc:subfield>
        </marc:datafield>
        <marc:datafield tag="050" ind1="0" ind2="4">
            <marc:subfield code="a">PA3465</marc:subfield>
            <marc:subfield code="b">.A2 1569</marc:subfield>
        </marc:datafield>
        <marc:datafield tag="245" ind1="0" ind2="0">
            <marc:subfield code="a">Comicorum Graecorum sententiae :</marc:subfield>
            <marc:subfield code="b">id est gnōmai /</marc:subfield>
            <marc:subfield code="c">Latinis versibus ab Henr. Stephano redditae &amp; annotationibus illustratae ; eiusdem Henrici Stephani tetrastichon de his sententiis.</marc:subfield>
        </marc:datafield>
        <marc:datafield tag="246" ind1="3" ind2="0">
            <marc:subfield code="a">Gnōmai</marc:subfield>
        </marc:datafield>
        <marc:datafield tag="260" ind1=" " ind2=" ">
            <marc:subfield code="a">[Geneva] :</marc:subfield>
            <marc:subfield code="b">Excudebat Henr. Steph.,</marc:subfield>
            <marc:subfield code="c">anno MDLXIX [1569]</marc:subfield>
        </marc:datafield>
        <marc:datafield tag="300" ind1=" " ind2=" ">
            <marc:subfield code="a">[32], 633, [5] p. (final leaf blank) ;</marc:subfield>
            <marc:subfield code="c">12 cm. (32mo)</marc:subfield>
        </marc:datafield>
        <marc:datafield tag="500" ind1=" " ind2=" ">
            <marc:subfield code="a">In the title, gnōmai  is in the Greek script.</marc:subfield>
        </marc:datafield>
        <marc:datafield tag="500" ind1=" " ind2=" ">
            <marc:subfield code="a">Date precedes printer statement on t.p.</marc:subfield>
        </marc:datafield>
        <marc:datafield tag="500" ind1=" " ind2=" ">
            <marc:subfield code="a">Leaves a1 and 2r8 are blanks.</marc:subfield>
        </marc:datafield>
        <marc:datafield tag="500" ind1=" " ind2=" ">
            <marc:subfield code="a">Signatures: pi-2pi⁸ a-r⁸ s⁴ t⁸ v⁴ x-2r⁸.</marc:subfield>
        </marc:datafield>
        <marc:datafield tag="500" ind1=" " ind2=" ">
            <marc:subfield code="a">Numerous errors in pagination.</marc:subfield>
        </marc:datafield>
        <marc:datafield tag="500" ind1=" " ind2=" ">
            <marc:subfield code="a">&quot;Publii Syri Mimi, seu, Sententiae selectae olim ex eius mimis, &amp; postea in quosdam velut comũnes virtutum &amp; vitiorum locos digestae, cum D. Erasmi explicatione&quot;: p. 587-633.</marc:subfield>
        </marc:datafield>
        <marc:datafield tag="500" ind1=" " ind2=" ">
            <marc:subfield code="a">Dedicated to Duke Christoph of Bavaria.</marc:subfield>
        </marc:datafield>
        <marc:datafield tag="561" ind1=" " ind2=" ">
            <marc:subfield code="a">Tisch Library Special Collection copy: Bookplate: Philip Gurdon, Assington Hall, Suffolk.</marc:subfield>
            <marc:subfield code="5">MMeT</marc:subfield>
        </marc:datafield>
        <marc:datafield tag="561" ind1=" " ind2=" ">
            <marc:subfield code="a">Tisch Library Special Collection copy: Autograph: C.S.B. Buckland.</marc:subfield>
            <marc:subfield code="5">MMeT</marc:subfield>
        </marc:datafield>
        <marc:datafield tag="563" ind1=" " ind2=" ">
            <marc:subfield code="a">Tisch Library Special Collection copy: Bound in seventeenth-century sprinkled calf; backstrip with five raised bands, compartments contain central gilt tools and new gilt lettering.</marc:subfield>
            <marc:subfield code="5">MMeT</marc:subfield>
        </marc:datafield>
        <marc:datafield tag="506" ind1=" " ind2=" ">
            <marc:subfield code="a">Access restricted: Apply to the curator of rare books.</marc:subfield>
            <marc:subfield code="5">MMeT</marc:subfield>
        </marc:datafield>
        <marc:datafield tag="650" ind1=" " ind2="0">
            <marc:subfield code="a">Greek drama (Comedy)</marc:subfield>
        </marc:datafield>
        <marc:datafield tag="650" ind1=" " ind2="0">
            <marc:subfield code="a">Latin drama (Comedy)</marc:subfield>
        </marc:datafield>
        <marc:datafield tag="650" ind1=" " ind2="0">
            <marc:subfield code="a">Quotations, Greek.</marc:subfield>
        </marc:datafield>
        <marc:datafield tag="650" ind1=" " ind2="0">
            <marc:subfield code="a">Quotations, Greek</marc:subfield>
            <marc:subfield code="v">Translations into Latin.</marc:subfield>
        </marc:datafield>
        <marc:datafield tag="650" ind1=" " ind2="0">
            <marc:subfield code="a">Quotations, Latin.</marc:subfield>
        </marc:datafield>
        <marc:datafield tag="655" ind1=" " ind2="7">
            <marc:subfield code="a">Thirty-twomo format (Printing)</marc:subfield>
            <marc:subfield code="2">rbpri</marc:subfield>
        </marc:datafield>
        <marc:datafield tag="655" ind1=" " ind2="7">
            <marc:subfield code="a">Bookplates (Provenance)</marc:subfield>
            <marc:subfield code="2">rbprov</marc:subfield>
            <marc:subfield code="5">MMeT</marc:subfield>
        </marc:datafield>
        <marc:datafield tag="655" ind1=" " ind2="7">
            <marc:subfield code="a">Autographs (Provenance)</marc:subfield>
            <marc:subfield code="2">rbprov</marc:subfield>
            <marc:subfield code="5">MMeT</marc:subfield>
        </marc:datafield>
        <marc:datafield tag="655" ind1=" " ind2="7">
            <marc:subfield code="a">Sprinkled calf bindings (Binding)</marc:subfield>
            <marc:subfield code="2">rbbin</marc:subfield>
            <marc:subfield code="5">MMeT</marc:subfield>
        </marc:datafield>
        <marc:datafield tag="700" ind1="1" ind2=" ">
            <marc:subfield code="a">Estienne, Henri,</marc:subfield>
            <marc:subfield code="d">1531-1598.</marc:subfield>
        </marc:datafield>
        <marc:datafield tag="700" ind1="0" ind2=" ">
            <marc:subfield code="a">Publilius,</marc:subfield>
            <marc:subfield code="c">Syrus,</marc:subfield>
            <marc:subfield code="d">active 1st century B.C.</marc:subfield>
        </marc:datafield>
        <marc:datafield tag="700" ind1="1" ind2=" ">
            <marc:subfield code="a">Erasmus, Desiderius,</marc:subfield>
            <marc:subfield code="d">-1536.</marc:subfield>
        </marc:datafield>
        <marc:datafield tag="700" ind1="1" ind2=" ">
            <marc:subfield code="a">Gurdon, Philip,</marc:subfield>
            <marc:subfield code="d">1746 or 1747-1817.</marc:subfield>
            <marc:subfield code="5">MMeT</marc:subfield>
        </marc:datafield>
        <marc:datafield tag="700" ind1="1" ind2=" ">
            <marc:subfield code="a">Buckland, C. S. B.</marc:subfield>
            <marc:subfield code="q">(Charles Stephen Buckland)</marc:subfield>
            <marc:subfield code="5">MMeT</marc:subfield>
        </marc:datafield>
        <marc:datafield tag="752" ind1=" " ind2=" ">
            <marc:subfield code="a">Switzerland</marc:subfield>
            <marc:subfield code="d">Geneva.</marc:subfield>
        </marc:datafield>
        <marc:datafield tag="907" ind1=" " ind2=" ">
            <marc:subfield code="a">.b2315245x</marc:subfield>
            <marc:subfield code="b">02-10-14</marc:subfield>
            <marc:subfield code="c">02-13-12</marc:subfield>
        </marc:datafield>
        <marc:datafield tag="998" ind1=" " ind2=" ">
            <marc:subfield code="a">t</marc:subfield>
            <marc:subfield code="b">02-07-14</marc:subfield>
            <marc:subfield code="c">m</marc:subfield>
            <marc:subfield code="d">a</marc:subfield>
            <marc:subfield code="e">-</marc:subfield>
            <marc:subfield code="f">lat</marc:subfield>
            <marc:subfield code="g">sz </marc:subfield>
            <marc:subfield code="h">0</marc:subfield>
            <marc:subfield code="i">0</marc:subfield>
        </marc:datafield>
        <marc:datafield tag="910" ind1=" " ind2=" ">
            <marc:subfield code="a">66 01/2014 </marc:subfield>
        </marc:datafield>
        <marc:datafield tag="910" ind1=" " ind2=" ">
            <marc:subfield code="a">NO LTI </marc:subfield>
        </marc:datafield>
        <marc:datafield tag="994" ind1=" " ind2=" ">
            <marc:subfield code="a">C0</marc:subfield>
            <marc:subfield code="b">TFW</marc:subfield>
        </marc:datafield>
        <marc:datafield tag="945" ind1=" " ind2=" ">
            <marc:subfield code="a">PA3465</marc:subfield>
            <marc:subfield code="b">.A2 1569</marc:subfield>
            <marc:subfield code="g">1</marc:subfield>
            <marc:subfield code="i">39090015986827</marc:subfield>
            <marc:subfield code="l">ta   </marc:subfield>
            <marc:subfield code="o">-</marc:subfield>
            <marc:subfield code="p">$0.00</marc:subfield>
            <marc:subfield code="q">-</marc:subfield>
            <marc:subfield code="r">-</marc:subfield>
            <marc:subfield code="s">o</marc:subfield>
            <marc:subfield code="t">0</marc:subfield>
            <marc:subfield code="u">0</marc:subfield>
            <marc:subfield code="v">0</marc:subfield>
            <marc:subfield code="w">0</marc:subfield>
            <marc:subfield code="x">0</marc:subfield>
            <marc:subfield code="y">.i21250698</marc:subfield>
            <marc:subfield code="z">02-22-12</marc:subfield>
        </marc:datafield>
    </marc:record>