
    <marc:record>
        <marc:leader>03784cam a2200661 a 4500</marc:leader>
        <marc:controlfield tag="001">ocm14312848</marc:controlfield>
        <marc:controlfield tag="003">OCoLC</marc:controlfield>
        <marc:controlfield tag="005">20120213110048.0</marc:controlfield>
        <marc:controlfield tag="008">840915s1725    ne ac         000 0 lat  </marc:controlfield>
        <marc:datafield tag="016" ind1="7" ind2=" ">
            <marc:subfield code="a">2534012R</marc:subfield>
            <marc:subfield code="2">DNLM</marc:subfield>
        </marc:datafield>
        <marc:datafield tag="016" ind1="7" ind2=" ">
            <marc:subfield code="a">2534012R</marc:subfield>
            <marc:subfield code="2">DNLM</marc:subfield>
        </marc:datafield>
        <marc:datafield tag="019" ind1=" " ind2=" ">
            <marc:subfield code="a">49267209</marc:subfield>
        </marc:datafield>
        <marc:datafield tag="019" ind1=" " ind2=" ">
            <marc:subfield code="a">49267209</marc:subfield>
        </marc:datafield>
        <marc:datafield tag="035" ind1=" " ind2=" ">
            <marc:subfield code="a">(OCoLC)14312848</marc:subfield>
            <marc:subfield code="z">(OCoLC)49267209</marc:subfield>
        </marc:datafield>
        <marc:datafield tag="040" ind1=" " ind2=" ">
            <marc:subfield code="a">NLM</marc:subfield>
            <marc:subfield code="c">NLM</marc:subfield>
            <marc:subfield code="d">EQO</marc:subfield>
            <marc:subfield code="d">GZM</marc:subfield>
            <marc:subfield code="d">CGC</marc:subfield>
            <marc:subfield code="d">DRB</marc:subfield>
            <marc:subfield code="d">TFW</marc:subfield>
            <marc:subfield code="e">dcrmb</marc:subfield>
        </marc:datafield>
        <marc:datafield tag="049" ind1=" " ind2=" ">
            <marc:subfield code="a">TFWW</marc:subfield>
        </marc:datafield>
        <marc:datafield tag="050" ind1=" " ind2="4">
            <marc:subfield code="a">QM21</marc:subfield>
            <marc:subfield code="b">.V462</marc:subfield>
        </marc:datafield>
        <marc:datafield tag="060" ind1="0" ind2="0">
            <marc:subfield code="a">WZ 260</marc:subfield>
            <marc:subfield code="b">V575 1725</marc:subfield>
        </marc:datafield>
        <marc:datafield tag="060" ind1="0" ind2="0">
            <marc:subfield code="a">Film 8988 no.1</marc:subfield>
        </marc:datafield>
        <marc:datafield tag="090" ind1=" " ind2=" ">
            <marc:subfield code="a">QM21</marc:subfield>
            <marc:subfield code="b">.V462 1725</marc:subfield>
        </marc:datafield>
        <marc:datafield tag="100" ind1="1" ind2=" ">
            <marc:subfield code="a">Vesalius, Andreas,</marc:subfield>
            <marc:subfield code="d">1514-1564.</marc:subfield>
        </marc:datafield>
        <marc:datafield tag="240" ind1="1" ind2="0">
            <marc:subfield code="a">Works.</marc:subfield>
            <marc:subfield code="l">Latin</marc:subfield>
        </marc:datafield>
        <marc:datafield tag="245" ind1="1" ind2="0">
            <marc:subfield code="a">Andreae Vesalii invictissimi Caroli V. Imperatoris medici Opera omnia anatomica &amp; chirurgica /</marc:subfield>
            <marc:subfield code="c">cura Hermanni Boerhaave ... &amp; Bernhardi Siegfried Albini ... tomus primus [-secundus].</marc:subfield>
        </marc:datafield>
        <marc:datafield tag="246" ind1="1" ind2=" ">
            <marc:subfield code="a">Opera omnia anatomica &amp; chirurgica</marc:subfield>
        </marc:datafield>
        <marc:datafield tag="260" ind1=" " ind2=" ">
            <marc:subfield code="a">Lugduni Batavorum [Leiden] :</marc:subfield>
            <marc:subfield code="b">Apud Joannem du Vivie et Joan. Herm. Verbeek ...,</marc:subfield>
            <marc:subfield code="c">MDCCXXV [1725]</marc:subfield>
        </marc:datafield>
        <marc:datafield tag="300" ind1=" " ind2=" ">
            <marc:subfield code="a">2 v. :</marc:subfield>
            <marc:subfield code="b">ill. (engravings) ;</marc:subfield>
            <marc:subfield code="c">46 cm (fol.)</marc:subfield>
        </marc:datafield>
        <marc:datafield tag="500" ind1=" " ind2=" ">
            <marc:subfield code="a">The Chirurgia magna, edited by Borgarucci and published under the name of Vesalius, is generally regarded as spurious, but may have been compiled from the class notes of Vesalius' pupils.  Cf. Harvey Cushing.  A bio-bibliography of Andreas Vesalius.  1943, p. 216-217.</marc:subfield>
        </marc:datafield>
        <marc:datafield tag="500" ind1=" " ind2=" ">
            <marc:subfield code="a">Title in red and black ink.</marc:subfield>
        </marc:datafield>
        <marc:datafield tag="500" ind1=" " ind2=" ">
            <marc:subfield code="a">Copperplate engravings by Jan Wandelaar.</marc:subfield>
        </marc:datafield>
        <marc:datafield tag="500" ind1=" " ind2=" ">
            <marc:subfield code="a">Copperplate frontispiece, title vignette, and figures within the text; woodcut initials and tail-pieces; typeset marginalia.</marc:subfield>
        </marc:datafield>
        <marc:datafield tag="505" ind1="0" ind2=" ">
            <marc:subfield code="a">v. 1. De humani corporis fabrica.--v. 2. De humani corporis fabrica librorum epitome.  Epistola, rationem modumque propinandi radicis Chynae decocti ... pertractans.  Gabrielis Falloppii ... Observationes anatomicae.  Anatomicarum Gabrielis Falloppii observationum examen.  Gabrielis Cunei ... Apologiae Francisci Putei pro Galeno in anatome, examen.  Chirurgia magna ... ab ... Prospero Borgarutio, recognita, emendata, ac in lucem edita.</marc:subfield>
        </marc:datafield>
        <marc:datafield tag="510" ind1="4" ind2=" ">
            <marc:subfield code="a">Blake, J.  NLM 18th cent.,</marc:subfield>
            <marc:subfield code="c">p. 473</marc:subfield>
        </marc:datafield>
        <marc:datafield tag="510" ind1="4" ind2=" ">
            <marc:subfield code="a">Cushing, H.  Bio-bib. of Vesalius,</marc:subfield>
            <marc:subfield code="c">VI.D.-8</marc:subfield>
        </marc:datafield>
        <marc:datafield tag="561" ind1=" " ind2=" ">
            <marc:subfield code="a">Tisch Library Special Collections copy: Small modern book labels of Zlatko Ivan Pozeg.</marc:subfield>
            <marc:subfield code="5">MMeT</marc:subfield>
        </marc:datafield>
        <marc:datafield tag="563" ind1=" " ind2=" ">
            <marc:subfield code="a">Tisch Library Special Collections copy: Bound in contemporary vellum, backstrip with six raised bands, second and third compartments lettered in ink.</marc:subfield>
            <marc:subfield code="5">MMeT</marc:subfield>
        </marc:datafield>
        <marc:datafield tag="506" ind1=" " ind2=" ">
            <marc:subfield code="a">Access restricted: Apply to the curator of rare books.</marc:subfield>
            <marc:subfield code="5">MMeT</marc:subfield>
        </marc:datafield>
        <marc:datafield tag="600" ind1="1" ind2="0">
            <marc:subfield code="a">Pozzo, Francesco del,</marc:subfield>
            <marc:subfield code="d">approximately 1520-1564.</marc:subfield>
        </marc:datafield>
        <marc:datafield tag="600" ind1="1" ind2="2">
            <marc:subfield code="a">Pozzo, Francesco del,</marc:subfield>
            <marc:subfield code="d">approximately 1520-1564.</marc:subfield>
        </marc:datafield>
        <marc:datafield tag="650" ind1=" " ind2="0">
            <marc:subfield code="a">Human anatomy</marc:subfield>
            <marc:subfield code="v">Early works to 1800.</marc:subfield>
        </marc:datafield>
        <marc:datafield tag="650" ind1="1" ind2="2">
            <marc:subfield code="a">Anatomy</marc:subfield>
            <marc:subfield code="v">Atlases.</marc:subfield>
        </marc:datafield>
        <marc:datafield tag="650" ind1="2" ind2="2">
            <marc:subfield code="a">General Surgery.</marc:subfield>
        </marc:datafield>
        <marc:datafield tag="655" ind1=" " ind2="7">
            <marc:subfield code="a">Printing in multiple colors (Printing)</marc:subfield>
            <marc:subfield code="2">rbpri</marc:subfield>
        </marc:datafield>
        <marc:datafield tag="655" ind1=" " ind2="7">
            <marc:subfield code="a">Folio format (Printing)</marc:subfield>
            <marc:subfield code="2">rbpri</marc:subfield>
        </marc:datafield>
        <marc:datafield tag="655" ind1=" " ind2="7">
            <marc:subfield code="a">Labels (Provenance)</marc:subfield>
            <marc:subfield code="2">rbprov</marc:subfield>
            <marc:subfield code="5">MMeT</marc:subfield>
        </marc:datafield>
        <marc:datafield tag="655" ind1=" " ind2="7">
            <marc:subfield code="a">Vellum bindings (Binding)</marc:subfield>
            <marc:subfield code="2">rbbin</marc:subfield>
            <marc:subfield code="5">MMeT</marc:subfield>
        </marc:datafield>
        <marc:datafield tag="700" ind1="1" ind2=" ">
            <marc:subfield code="a">Albinus, Bernhard Siegfried,</marc:subfield>
            <marc:subfield code="d">1697-1770.</marc:subfield>
        </marc:datafield>
        <marc:datafield tag="700" ind1="1" ind2=" ">
            <marc:subfield code="a">Boerhaave, Herman,</marc:subfield>
            <marc:subfield code="d">1668-1738.</marc:subfield>
        </marc:datafield>
        <marc:datafield tag="700" ind1="1" ind2=" ">
            <marc:subfield code="a">Borgarucci, Prospero,</marc:subfield>
            <marc:subfield code="d">1540-</marc:subfield>
        </marc:datafield>
        <marc:datafield tag="700" ind1="1" ind2=" ">
            <marc:subfield code="a">Cuneo, Gabriele,</marc:subfield>
            <marc:subfield code="d">active 16th century.</marc:subfield>
            <marc:subfield code="t">Apologiae Francisci Putei pro Galeno in anatome, examen.</marc:subfield>
        </marc:datafield>
        <marc:datafield tag="700" ind1="1" ind2=" ">
            <marc:subfield code="a">Falloppio, Gabriele,</marc:subfield>
            <marc:subfield code="d">1523-1562.</marc:subfield>
            <marc:subfield code="t">Observationes anatomicae.</marc:subfield>
            <marc:subfield code="f">1725.</marc:subfield>
        </marc:datafield>
        <marc:datafield tag="700" ind1="1" ind2=" ">
            <marc:subfield code="a">Pozeg, Ivan Zlatko,</marc:subfield>
            <marc:subfield code="e">former owner.</marc:subfield>
            <marc:subfield code="5">MMeT</marc:subfield>
        </marc:datafield>
        <marc:datafield tag="700" ind1="1" ind2=" ">
            <marc:subfield code="a">Wandelaar, Jan,</marc:subfield>
            <marc:subfield code="d">1690-1759,</marc:subfield>
            <marc:subfield code="e">engraver.</marc:subfield>
        </marc:datafield>
        <marc:datafield tag="907" ind1=" " ind2=" ">
            <marc:subfield code="a">.b23152540</marc:subfield>
            <marc:subfield code="b">02-10-14</marc:subfield>
            <marc:subfield code="c">02-13-12</marc:subfield>
        </marc:datafield>
        <marc:datafield tag="998" ind1=" " ind2=" ">
            <marc:subfield code="a">t</marc:subfield>
            <marc:subfield code="b">02-07-14</marc:subfield>
            <marc:subfield code="c">m</marc:subfield>
            <marc:subfield code="d">a</marc:subfield>
            <marc:subfield code="e">-</marc:subfield>
            <marc:subfield code="f">lat</marc:subfield>
            <marc:subfield code="g">ne </marc:subfield>
            <marc:subfield code="h">0</marc:subfield>
            <marc:subfield code="i">0</marc:subfield>
        </marc:datafield>
        <marc:datafield tag="910" ind1=" " ind2=" ">
            <marc:subfield code="a">66 01/2014 </marc:subfield>
        </marc:datafield>
        <marc:datafield tag="910" ind1=" " ind2=" ">
            <marc:subfield code="a">NO LTI </marc:subfield>
        </marc:datafield>
        <marc:datafield tag="945" ind1=" " ind2=" ">
            <marc:subfield code="a">QM21</marc:subfield>
            <marc:subfield code="b">.V462 1725    </marc:subfield>
            <marc:subfield code="c">v.1</marc:subfield>
            <marc:subfield code="g">1</marc:subfield>
            <marc:subfield code="i">39090015986520</marc:subfield>
            <marc:subfield code="l">tb   </marc:subfield>
            <marc:subfield code="o">-</marc:subfield>
            <marc:subfield code="p">$0.00</marc:subfield>
            <marc:subfield code="q">-</marc:subfield>
            <marc:subfield code="r">-</marc:subfield>
            <marc:subfield code="s">p</marc:subfield>
            <marc:subfield code="t">0</marc:subfield>
            <marc:subfield code="u">0</marc:subfield>
            <marc:subfield code="v">0</marc:subfield>
            <marc:subfield code="w">0</marc:subfield>
            <marc:subfield code="x">0</marc:subfield>
            <marc:subfield code="y">.i21250637</marc:subfield>
            <marc:subfield code="z">02-22-12</marc:subfield>
        </marc:datafield>
        <marc:datafield tag="945" ind1=" " ind2=" ">
            <marc:subfield code="a">QM21</marc:subfield>
            <marc:subfield code="b">.V462 1725      </marc:subfield>
            <marc:subfield code="c">v.2</marc:subfield>
            <marc:subfield code="g">1</marc:subfield>
            <marc:subfield code="i">39090015986587</marc:subfield>
            <marc:subfield code="l">ta   </marc:subfield>
            <marc:subfield code="o">-</marc:subfield>
            <marc:subfield code="p">$0.00</marc:subfield>
            <marc:subfield code="q">-</marc:subfield>
            <marc:subfield code="r">-</marc:subfield>
            <marc:subfield code="s">o</marc:subfield>
            <marc:subfield code="t">0</marc:subfield>
            <marc:subfield code="u">0</marc:subfield>
            <marc:subfield code="v">0</marc:subfield>
            <marc:subfield code="w">0</marc:subfield>
            <marc:subfield code="x">0</marc:subfield>
            <marc:subfield code="y">.i21250649</marc:subfield>
            <marc:subfield code="z">02-22-12</marc:subfield>
        </marc:datafield>
    </marc:record>