
    <marc:record>
        <marc:leader>03131cam a2200637La 4500</marc:leader>
        <marc:controlfield tag="001">ocm79459258</marc:controlfield>
        <marc:controlfield tag="003">OCoLC</marc:controlfield>
        <marc:controlfield tag="005">20120614013444.0</marc:controlfield>
        <marc:controlfield tag="008">050610s1575    it abef       001 0 lat d</marc:controlfield>
        <marc:datafield tag="035" ind1=" " ind2=" ">
            <marc:subfield code="a">(OCoLC)79459258</marc:subfield>
        </marc:datafield>
        <marc:datafield tag="040" ind1=" " ind2=" ">
            <marc:subfield code="a">TxU</marc:subfield>
            <marc:subfield code="e">dcrb</marc:subfield>
            <marc:subfield code="c">UXG</marc:subfield>
            <marc:subfield code="d">OCLCG</marc:subfield>
        </marc:datafield>
        <marc:datafield tag="049" ind1=" " ind2=" ">
            <marc:subfield code="a">TFWW</marc:subfield>
        </marc:datafield>
        <marc:datafield tag="050" ind1=" " ind2="4">
            <marc:subfield code="a">PA6235</marc:subfield>
            <marc:subfield code="b">.A2 1575</marc:subfield>
        </marc:datafield>
        <marc:datafield tag="100" ind1="1" ind2=" ">
            <marc:subfield code="a">Caesar, Julius.</marc:subfield>
        </marc:datafield>
        <marc:datafield tag="245" ind1="1" ind2="0">
            <marc:subfield code="a">C. Iulij Caesaris Commentarij /</marc:subfield>
            <marc:subfield code="c">ab Aldo Manutio, Paulli f., Aldi n. emendati et scholijs illustrati.</marc:subfield>
        </marc:datafield>
        <marc:datafield tag="246" ind1="3" ind2=" ">
            <marc:subfield code="a">C. Ivlii Caesaris Commentarii</marc:subfield>
        </marc:datafield>
        <marc:datafield tag="246" ind1="3" ind2=" ">
            <marc:subfield code="a">C. Iulii Caesaris Commentarii</marc:subfield>
        </marc:datafield>
        <marc:datafield tag="246" ind1="3" ind2="0">
            <marc:subfield code="a">Commentarii</marc:subfield>
        </marc:datafield>
        <marc:datafield tag="260" ind1=" " ind2=" ">
            <marc:subfield code="a">Venetijs :</marc:subfield>
            <marc:subfield code="b">Apud Aldum,</marc:subfield>
            <marc:subfield code="c">MDLXXV [1575]</marc:subfield>
        </marc:datafield>
        <marc:datafield tag="300" ind1=" " ind2=" ">
            <marc:subfield code="a">[248], 676, [264] p., [2] leaves of plates :</marc:subfield>
            <marc:subfield code="b">ill., maps, plans ;</marc:subfield>
            <marc:subfield code="c">16 cm. (8vo)</marc:subfield>
        </marc:datafield>
        <marc:datafield tag="500" ind1=" " ind2=" ">
            <marc:subfield code="a">Edited by Giovanni Giocondo.</marc:subfield>
        </marc:datafield>
        <marc:datafield tag="500" ind1=" " ind2=" ">
            <marc:subfield code="a">The anonymous Bellum Africum and Bellum Hispaniense, and Aulus Hirtius' Bellum Alexandrinum and his continuation of Caesar's De bello Gallico, all traditionally included in the Caesarian corpus, are present in this edition.</marc:subfield>
        </marc:datafield>
        <marc:datafield tag="500" ind1=" " ind2=" ">
            <marc:subfield code="a">Date follows place of publication on t.p.</marc:subfield>
        </marc:datafield>
        <marc:datafield tag="500" ind1=" " ind2=" ">
            <marc:subfield code="a">Signatures: *⁸ a-e⁸ f⁴ [dagger]-3[dagger]⁸ HS-2HS⁸ [-2[⁸ [sec.]-2[sec.]⁸ A-2S⁸ 2T¹⁰, ²A-I⁸ a-d⁸ e⁴ .-3.⁸ (²I6-8 blank).</marc:subfield>
        </marc:datafield>
        <marc:datafield tag="500" ind1=" " ind2=" ">
            <marc:subfield code="a">Verso of t.p. has printer's device and statement: Editio Aldi Manutij Paulli f. Aldi n.</marc:subfield>
        </marc:datafield>
        <marc:datafield tag="500" ind1=" " ind2=" ">
            <marc:subfield code="a">&quot;Veterum Galliae locorum, populorum, urbium, montium, ac fluuiorum, alphabetica descriptio ... auctore Raymundo Marliano ...&quot;: p. [597]- 676.</marc:subfield>
        </marc:datafield>
        <marc:datafield tag="500" ind1=" " ind2=" ">
            <marc:subfield code="a">Includes index.</marc:subfield>
        </marc:datafield>
        <marc:datafield tag="500" ind1=" " ind2=" ">
            <marc:subfield code="a">Tisch Library Special Collection copy: C.&amp;p. AM 2012.06.15</marc:subfield>
            <marc:subfield code="5">MMeT</marc:subfield>
        </marc:datafield>
        <marc:datafield tag="541" ind1="1" ind2=" ">
            <marc:subfield code="c">Gift ;</marc:subfield>
            <marc:subfield code="a">Walter F. Welch, class of 1928 ;</marc:subfield>
            <marc:subfield code="d">1928-1966.</marc:subfield>
            <marc:subfield code="5">MMeT</marc:subfield>
        </marc:datafield>
        <marc:datafield tag="561" ind1=" " ind2=" ">
            <marc:subfield code="a">Tisch Library Special Collection copy: 2nd leaf of plate signed in m.s. : Pr[ior?] T[iyronas?].</marc:subfield>
            <marc:subfield code="5">MMeT</marc:subfield>
        </marc:datafield>
        <marc:datafield tag="563" ind1=" " ind2=" ">
            <marc:subfield code="a">Tisch Library Special Collection copy: Quarter bound.</marc:subfield>
            <marc:subfield code="5">MMeT</marc:subfield>
        </marc:datafield>
        <marc:datafield tag="506" ind1=" " ind2=" ">
            <marc:subfield code="a">Access restricted: Apply to the curator of rare books.</marc:subfield>
            <marc:subfield code="5">MMeT</marc:subfield>
        </marc:datafield>
        <marc:datafield tag="510" ind1="4" ind2=" ">
            <marc:subfield code="a">Renouard</marc:subfield>
            <marc:subfield code="c">p. 221</marc:subfield>
        </marc:datafield>
        <marc:datafield tag="510" ind1="4" ind2=" ">
            <marc:subfield code="a">Adams</marc:subfield>
            <marc:subfield code="c">C63</marc:subfield>
        </marc:datafield>
        <marc:datafield tag="651" ind1=" " ind2="0">
            <marc:subfield code="a">Gaul</marc:subfield>
            <marc:subfield code="x">History</marc:subfield>
            <marc:subfield code="y">58 B.C.-511 A.D.</marc:subfield>
        </marc:datafield>
        <marc:datafield tag="651" ind1=" " ind2="0">
            <marc:subfield code="a">Rome</marc:subfield>
            <marc:subfield code="x">History</marc:subfield>
            <marc:subfield code="y">Republic, 265-30 B.C.</marc:subfield>
        </marc:datafield>
        <marc:datafield tag="655" ind1=" " ind2="7">
            <marc:subfield code="a">Octavo format (Printing)</marc:subfield>
            <marc:subfield code="2">rbpri</marc:subfield>
        </marc:datafield>
        <marc:datafield tag="655" ind1=" " ind2="7">
            <marc:subfield code="a">Quarter bindings (Binding)</marc:subfield>
            <marc:subfield code="2">rbbin</marc:subfield>
            <marc:subfield code="5">MMeT</marc:subfield>
        </marc:datafield>
        <marc:datafield tag="655" ind1=" " ind2="7">
            <marc:subfield code="a">Printers' devices (Printing)</marc:subfield>
            <marc:subfield code="z">Italy</marc:subfield>
            <marc:subfield code="z">Venice</marc:subfield>
            <marc:subfield code="y">16th century.</marc:subfield>
            <marc:subfield code="2">rbpri</marc:subfield>
        </marc:datafield>
        <marc:datafield tag="700" ind1="1" ind2=" ">
            <marc:subfield code="a">Marlianus, Raimundus,</marc:subfield>
            <marc:subfield code="d">approximately 1420-1475.</marc:subfield>
        </marc:datafield>
        <marc:datafield tag="700" ind1="1" ind2="2">
            <marc:subfield code="a">Hirtius, Aulus.</marc:subfield>
            <marc:subfield code="t">Bellum Alexandrinum.</marc:subfield>
        </marc:datafield>
        <marc:datafield tag="700" ind1="1" ind2="2">
            <marc:subfield code="a">Hirtius, Aulus.</marc:subfield>
            <marc:subfield code="t">De bello Gallico.</marc:subfield>
            <marc:subfield code="n">Liber 8.</marc:subfield>
        </marc:datafield>
        <marc:datafield tag="700" ind1="1" ind2=" ">
            <marc:subfield code="a">Giocondo, Giovanni,</marc:subfield>
            <marc:subfield code="d">approximately 1433-1515.</marc:subfield>
        </marc:datafield>
        <marc:datafield tag="700" ind1="1" ind2=" ">
            <marc:subfield code="a">Manuzio, Aldo,</marc:subfield>
            <marc:subfield code="d">1547-1597.</marc:subfield>
        </marc:datafield>
        <marc:datafield tag="700" ind1="1" ind2=" ">
            <marc:subfield code="a">Manuzio, Paolo,</marc:subfield>
            <marc:subfield code="d">1512-1574.</marc:subfield>
        </marc:datafield>
        <marc:datafield tag="700" ind1="1" ind2=" ">
            <marc:subfield code="a">Welch, Walter F.,</marc:subfield>
            <marc:subfield code="e">former owner.</marc:subfield>
            <marc:subfield code="5">MMeT</marc:subfield>
        </marc:datafield>
        <marc:datafield tag="730" ind1="0" ind2="2">
            <marc:subfield code="a">Bellum Africum.</marc:subfield>
        </marc:datafield>
        <marc:datafield tag="730" ind1="0" ind2="2">
            <marc:subfield code="a">Bellum Hispaniense.</marc:subfield>
        </marc:datafield>
        <marc:datafield tag="740" ind1="0" ind2="2">
            <marc:subfield code="a">Bellum Alexandrinum.</marc:subfield>
        </marc:datafield>
        <marc:datafield tag="752" ind1=" " ind2=" ">
            <marc:subfield code="a">Italy</marc:subfield>
            <marc:subfield code="d">Venice.</marc:subfield>
        </marc:datafield>
        <marc:datafield tag="907" ind1=" " ind2=" ">
            <marc:subfield code="a">.b23230460</marc:subfield>
            <marc:subfield code="b">02-10-14</marc:subfield>
            <marc:subfield code="c">03-22-12</marc:subfield>
        </marc:datafield>
        <marc:datafield tag="998" ind1=" " ind2=" ">
            <marc:subfield code="a">t</marc:subfield>
            <marc:subfield code="b">02-07-14</marc:subfield>
            <marc:subfield code="c">m</marc:subfield>
            <marc:subfield code="d">a</marc:subfield>
            <marc:subfield code="e">-</marc:subfield>
            <marc:subfield code="f">lat</marc:subfield>
            <marc:subfield code="g">it </marc:subfield>
            <marc:subfield code="h">0</marc:subfield>
            <marc:subfield code="i">0</marc:subfield>
        </marc:datafield>
        <marc:datafield tag="910" ind1=" " ind2=" ">
            <marc:subfield code="a">66 01/2014 </marc:subfield>
        </marc:datafield>
        <marc:datafield tag="910" ind1=" " ind2=" ">
            <marc:subfield code="a">NO LTI </marc:subfield>
        </marc:datafield>
        <marc:datafield tag="994" ind1=" " ind2=" ">
            <marc:subfield code="a">C0</marc:subfield>
            <marc:subfield code="b">TFW</marc:subfield>
        </marc:datafield>
        <marc:datafield tag="945" ind1=" " ind2=" ">
            <marc:subfield code="a">PA6235</marc:subfield>
            <marc:subfield code="b">.A2 1575   </marc:subfield>
            <marc:subfield code="g">1</marc:subfield>
            <marc:subfield code="i">39090015986793</marc:subfield>
            <marc:subfield code="l">ta   </marc:subfield>
            <marc:subfield code="n">to OCA 3/23/12</marc:subfield>
            <marc:subfield code="o">-</marc:subfield>
            <marc:subfield code="p">$0.00</marc:subfield>
            <marc:subfield code="q">-</marc:subfield>
            <marc:subfield code="r">-</marc:subfield>
            <marc:subfield code="s">o</marc:subfield>
            <marc:subfield code="t">0</marc:subfield>
            <marc:subfield code="u">0</marc:subfield>
            <marc:subfield code="v">0</marc:subfield>
            <marc:subfield code="w">0</marc:subfield>
            <marc:subfield code="x">0</marc:subfield>
            <marc:subfield code="y">.i2128734x</marc:subfield>
            <marc:subfield code="z">03-22-12</marc:subfield>
        </marc:datafield>
    </marc:record>