
    <marc:record>
        <marc:leader>03461cam a2200541Ia 4500</marc:leader>
        <marc:controlfield tag="001">ocm52575258</marc:controlfield>
        <marc:controlfield tag="003">OCoLC</marc:controlfield>
        <marc:controlfield tag="005">20120920102023.0</marc:controlfield>
        <marc:controlfield tag="008">860212s1696    sw            000 0 del  </marc:controlfield>
        <marc:datafield tag="010" ind1=" " ind2=" ">
            <marc:subfield code="a">06012808</marc:subfield>
        </marc:datafield>
        <marc:datafield tag="019" ind1=" " ind2=" ">
            <marc:subfield code="a">10041437</marc:subfield>
            <marc:subfield code="a">34504195</marc:subfield>
        </marc:datafield>
        <marc:datafield tag="019" ind1=" " ind2=" ">
            <marc:subfield code="a">10041437</marc:subfield>
            <marc:subfield code="a">34504195</marc:subfield>
        </marc:datafield>
        <marc:datafield tag="035" ind1=" " ind2=" ">
            <marc:subfield code="a">(OCoLC)52575258</marc:subfield>
            <marc:subfield code="z">(OCoLC)10041437</marc:subfield>
            <marc:subfield code="z">(OCoLC)34504195</marc:subfield>
        </marc:datafield>
        <marc:datafield tag="040" ind1=" " ind2=" ">
            <marc:subfield code="a">DLC</marc:subfield>
            <marc:subfield code="e">dcrb</marc:subfield>
            <marc:subfield code="c">DLC</marc:subfield>
            <marc:subfield code="d">NYG</marc:subfield>
            <marc:subfield code="d">MNU</marc:subfield>
            <marc:subfield code="d">OCLCG</marc:subfield>
        </marc:datafield>
        <marc:datafield tag="041" ind1="1" ind2=" ">
            <marc:subfield code="a">del</marc:subfield>
            <marc:subfield code="a">swe</marc:subfield>
            <marc:subfield code="h">swe</marc:subfield>
        </marc:datafield>
        <marc:datafield tag="043" ind1=" " ind2=" ">
            <marc:subfield code="a">n-us-de</marc:subfield>
        </marc:datafield>
        <marc:datafield tag="049" ind1=" " ind2=" ">
            <marc:subfield code="a">TFWW</marc:subfield>
        </marc:datafield>
        <marc:datafield tag="050" ind1="0" ind2="0">
            <marc:subfield code="a">PM1034</marc:subfield>
            <marc:subfield code="b">.L8 1696</marc:subfield>
        </marc:datafield>
        <marc:datafield tag="082" ind1="0" ind2="4">
            <marc:subfield code="a">238.41</marc:subfield>
            <marc:subfield code="b">L973, 83-34355</marc:subfield>
        </marc:datafield>
        <marc:datafield tag="100" ind1="1" ind2=" ">
            <marc:subfield code="a">Luther, Martin,</marc:subfield>
            <marc:subfield code="d">1483-1546.</marc:subfield>
        </marc:datafield>
        <marc:datafield tag="240" ind1="1" ind2="0">
            <marc:subfield code="a">Kleine Katechismus.</marc:subfield>
            <marc:subfield code="l">Delaware &amp; Swedish</marc:subfield>
        </marc:datafield>
        <marc:datafield tag="245" ind1="1" ind2="0">
            <marc:subfield code="a">Lutheri Catechismus öfwersatt på American-Virginiske språket.</marc:subfield>
        </marc:datafield>
        <marc:datafield tag="246" ind1="1" ind2=" ">
            <marc:subfield code="i">Added engraved t.p. title:</marc:subfield>
            <marc:subfield code="a">Catechismus Lutheri lingua Svecico-Americana</marc:subfield>
        </marc:datafield>
        <marc:datafield tag="260" ind1=" " ind2=" ">
            <marc:subfield code="a">Stockholm :</marc:subfield>
            <marc:subfield code="b">Tryckt vthi thet af Kongl. Maytt. privileg. Burchardi tryckeri af J.J. Genath f.,</marc:subfield>
            <marc:subfield code="c">Anno MDCXCVI [1696].</marc:subfield>
        </marc:datafield>
        <marc:datafield tag="300" ind1=" " ind2=" ">
            <marc:subfield code="a">[16], 160 p. ;</marc:subfield>
            <marc:subfield code="c">18 cm (8vo)</marc:subfield>
        </marc:datafield>
        <marc:datafield tag="546" ind1=" " ind2=" ">
            <marc:subfield code="a">Text in Swedish and Delaware. Translated by Johan Campanius Holm.</marc:subfield>
        </marc:datafield>
        <marc:datafield tag="500" ind1=" " ind2=" ">
            <marc:subfield code="a">Title page printed in red and black.</marc:subfield>
        </marc:datafield>
        <marc:datafield tag="500" ind1=" " ind2=" ">
            <marc:subfield code="a">Added engraved t.p.: &quot;Catechismvs Lutheri lingva Svecico-Americana&quot; under royal coat of arms signed: &quot;Bl Br. inv.; E. Reitz, Sc.&quot;</marc:subfield>
        </marc:datafield>
        <marc:datafield tag="500" ind1=" " ind2=" ">
            <marc:subfield code="a">Signatures: &quot;[a]&quot;⁸ A-K⁸.</marc:subfield>
        </marc:datafield>
        <marc:datafield tag="500" ind1=" " ind2=" ">
            <marc:subfield code="a">&quot;Vocabularium Barbaro-Virgineorum additis passim locutionibus &amp; observationibus historicis brevioribus ad linguae pleniorem notitiam&quot;--P. [133]-160.</marc:subfield>
        </marc:datafield>
        <marc:datafield tag="501" ind1=" " ind2=" ">
            <marc:subfield code="a">Tisch Library Special Collection copy: With a copy of the 1937 fascimile, preserved together in a red-morocco backed slip-in case by James McDonald &amp; Co., New York.</marc:subfield>
            <marc:subfield code="5">MMeT</marc:subfield>
        </marc:datafield>
        <marc:datafield tag="505" ind1="0" ind2=" ">
            <marc:subfield code="a">Fortalet. prelim. leaf, [3-9]--Catechismus (in Delaware and Swedish).--Oratio dominica lingua virginiana, ex Bibl. virgin. cantabrig. Nov. Angl.1663.--Oratio dominica lingua caraibica, insularum american. Ex catechismo caraibico p. Raymundi Breton, Auxerrae, 1664.--Herrans boon.--Walsignelse.--Vocabularium barbaro-Virgineorum Additis passim locutionibus &amp; observationibus historicis brevioribus ad linguae pleniorem notitiam, anno MDCXCVI (classified vocabulary in Delaware and Swedish, with special t.-p.)--Colloquia (in Delaware and Swedish)--De numerandi modo (in Delaware)--Vocabula mahakuassica (in Susquehanna or Minqua)--Modus supputandi Mahakuassorum.</marc:subfield>
        </marc:datafield>
        <marc:datafield tag="561" ind1=" " ind2=" ">
            <marc:subfield code="a">Tisch Library Special Collection copy: lacks added engraved t.p. Has coat of arms blind stamped on front and back boards.</marc:subfield>
            <marc:subfield code="5">MMeT</marc:subfield>
        </marc:datafield>
        <marc:datafield tag="563" ind1=" " ind2=" ">
            <marc:subfield code="a">Tisch Library Special Collection copy: Bound in original calf over wooden boards with royal coat of arms of Charles XI stamped (upside down) on front and back boards.</marc:subfield>
            <marc:subfield code="5">MMeT</marc:subfield>
        </marc:datafield>
        <marc:datafield tag="506" ind1=" " ind2=" ">
            <marc:subfield code="a">Access restricted: Apply to the curator of rare books.</marc:subfield>
            <marc:subfield code="5">MMeT</marc:subfield>
        </marc:datafield>
        <marc:datafield tag="650" ind1=" " ind2="0">
            <marc:subfield code="a">Delaware language</marc:subfield>
            <marc:subfield code="v">Texts.</marc:subfield>
        </marc:datafield>
        <marc:datafield tag="650" ind1=" " ind2="0">
            <marc:subfield code="a">Delaware language</marc:subfield>
            <marc:subfield code="v">Glossaries, vocabularies, etc.</marc:subfield>
        </marc:datafield>
        <marc:datafield tag="650" ind1=" " ind2="0">
            <marc:subfield code="a">Lutheran Church</marc:subfield>
            <marc:subfield code="z">Delaware</marc:subfield>
            <marc:subfield code="v">Catechisms.</marc:subfield>
        </marc:datafield>
        <marc:datafield tag="655" ind1=" " ind2="7">
            <marc:subfield code="a">Catechisms</marc:subfield>
            <marc:subfield code="z">Sweden</marc:subfield>
            <marc:subfield code="z">Stockholm</marc:subfield>
            <marc:subfield code="y">17th century.</marc:subfield>
            <marc:subfield code="2">rbgenr</marc:subfield>
        </marc:datafield>
        <marc:datafield tag="700" ind1="1" ind2=" ">
            <marc:subfield code="a">Campanius Holm, Johan,</marc:subfield>
            <marc:subfield code="d">1601-1683.</marc:subfield>
        </marc:datafield>
        <marc:datafield tag="700" ind1="0" ind2=" ">
            <marc:subfield code="a">Charles</marc:subfield>
            <marc:subfield code="b">XI,</marc:subfield>
            <marc:subfield code="c">King of Sweden,</marc:subfield>
            <marc:subfield code="d">1655-1697,</marc:subfield>
            <marc:subfield code="e">associated name.</marc:subfield>
            <marc:subfield code="5">DLC</marc:subfield>
        </marc:datafield>
        <marc:datafield tag="710" ind1="2" ind2=" ">
            <marc:subfield code="a">Martin Luther Collection (Library of Congress)</marc:subfield>
            <marc:subfield code="5">DLC</marc:subfield>
        </marc:datafield>
        <marc:datafield tag="752" ind1=" " ind2=" ">
            <marc:subfield code="a">Sweden</marc:subfield>
            <marc:subfield code="d">Stockholm.</marc:subfield>
        </marc:datafield>
        <marc:datafield tag="907" ind1=" " ind2=" ">
            <marc:subfield code="a">.b24074226</marc:subfield>
            <marc:subfield code="b">02-22-14</marc:subfield>
            <marc:subfield code="c">09-20-12</marc:subfield>
        </marc:datafield>
        <marc:datafield tag="998" ind1=" " ind2=" ">
            <marc:subfield code="a">t</marc:subfield>
            <marc:subfield code="b">02-07-14</marc:subfield>
            <marc:subfield code="c">m</marc:subfield>
            <marc:subfield code="d">a</marc:subfield>
            <marc:subfield code="e">-</marc:subfield>
            <marc:subfield code="f">del</marc:subfield>
            <marc:subfield code="g">sw </marc:subfield>
            <marc:subfield code="h">0</marc:subfield>
            <marc:subfield code="i">0</marc:subfield>
        </marc:datafield>
        <marc:datafield tag="910" ind1=" " ind2=" ">
            <marc:subfield code="a">66 09/2012</marc:subfield>
        </marc:datafield>
        <marc:datafield tag="994" ind1=" " ind2=" ">
            <marc:subfield code="a">C0</marc:subfield>
            <marc:subfield code="b">TFW</marc:subfield>
        </marc:datafield>
        <marc:datafield tag="945" ind1=" " ind2=" ">
            <marc:subfield code="a">PM1034</marc:subfield>
            <marc:subfield code="b">.L8 1696     </marc:subfield>
            <marc:subfield code="g">1</marc:subfield>
            <marc:subfield code="i">39090011363807</marc:subfield>
            <marc:subfield code="l">ta   </marc:subfield>
            <marc:subfield code="o">-</marc:subfield>
            <marc:subfield code="p">$0.00</marc:subfield>
            <marc:subfield code="q">-</marc:subfield>
            <marc:subfield code="r">-</marc:subfield>
            <marc:subfield code="s">o</marc:subfield>
            <marc:subfield code="t">0</marc:subfield>
            <marc:subfield code="u">0</marc:subfield>
            <marc:subfield code="v">0</marc:subfield>
            <marc:subfield code="w">0</marc:subfield>
            <marc:subfield code="x">0</marc:subfield>
            <marc:subfield code="y">.i21304968</marc:subfield>
            <marc:subfield code="z">04-05-12</marc:subfield>
        </marc:datafield>
    </marc:record>