
    <marc:record>
        <marc:leader>01630cac a2200385Ma 4500</marc:leader>
        <marc:controlfield tag="001">ocn629930523</marc:controlfield>
        <marc:controlfield tag="003">OCoLC</marc:controlfield>
        <marc:controlfield tag="005">20121107092253.0</marc:controlfield>
        <marc:controlfield tag="008">960626s1572    fr            000 0 lat d</marc:controlfield>
        <marc:datafield tag="035" ind1=" " ind2=" ">
            <marc:subfield code="a">(OCoLC)629930523</marc:subfield>
        </marc:datafield>
        <marc:datafield tag="040" ind1=" " ind2=" ">
            <marc:subfield code="a">AUD</marc:subfield>
            <marc:subfield code="b">eng</marc:subfield>
            <marc:subfield code="c">AUD</marc:subfield>
            <marc:subfield code="d">OCLCQ</marc:subfield>
            <marc:subfield code="d">TFW</marc:subfield>
        </marc:datafield>
        <marc:datafield tag="049" ind1=" " ind2=" ">
            <marc:subfield code="a">TFWW</marc:subfield>
        </marc:datafield>
        <marc:datafield tag="090" ind1=" " ind2=" ">
            <marc:subfield code="a">QM21</marc:subfield>
            <marc:subfield code="b">.C65 1572</marc:subfield>
        </marc:datafield>
        <marc:datafield tag="100" ind1="1" ind2=" ">
            <marc:subfield code="a">Colombo, Realdo,</marc:subfield>
            <marc:subfield code="d">1516-1559.</marc:subfield>
        </marc:datafield>
        <marc:datafield tag="245" ind1="1" ind2="0">
            <marc:subfield code="a">Realdi Columbi Chremonensis, in almo gymnasio Romano anatomici celeberrimi, de re anatomica libri XV.</marc:subfield>
        </marc:datafield>
        <marc:datafield tag="246" ind1="3" ind2="0">
            <marc:subfield code="a">De re anatomica libri xv</marc:subfield>
        </marc:datafield>
        <marc:datafield tag="260" ind1=" " ind2=" ">
            <marc:subfield code="a">Parisiis :</marc:subfield>
            <marc:subfield code="b">Apud Andream Wechelum, sub Pegaso in vico Bellouaco,</marc:subfield>
            <marc:subfield code="c">anno salutis 1572.</marc:subfield>
        </marc:datafield>
        <marc:datafield tag="300" ind1=" " ind2=" ">
            <marc:subfield code="a">[8], 495, [1] p. ;</marc:subfield>
            <marc:subfield code="c"> 18 cm (8vo)</marc:subfield>
        </marc:datafield>
        <marc:datafield tag="500" ind1=" " ind2=" ">
            <marc:subfield code="a">Publisher's device on title page and verso of final leaf.</marc:subfield>
        </marc:datafield>
        <marc:datafield tag="510" ind1="4" ind2=" ">
            <marc:subfield code="a">Adams C2404</marc:subfield>
        </marc:datafield>
        <marc:datafield tag="561" ind1=" " ind2=" ">
            <marc:subfield code="a">Tisch Library Special Collection copy: Extensive ownership autographs on inside cover, and title page.</marc:subfield>
            <marc:subfield code="5">MMeT</marc:subfield>
        </marc:datafield>
        <marc:datafield tag="563" ind1=" " ind2=" ">
            <marc:subfield code="a">Tisch Library Special Collection copy: Bound in limp vellum; lacking ties; cased in later box.</marc:subfield>
            <marc:subfield code="5">MMeT</marc:subfield>
        </marc:datafield>
        <marc:datafield tag="506" ind1=" " ind2=" ">
            <marc:subfield code="a">Access restricted: Apply to the curator of rare books.</marc:subfield>
            <marc:subfield code="5">MMeT</marc:subfield>
        </marc:datafield>
        <marc:datafield tag="650" ind1=" " ind2="0">
            <marc:subfield code="a">Human anatomy</marc:subfield>
            <marc:subfield code="v">Early works to 1800.</marc:subfield>
        </marc:datafield>
        <marc:datafield tag="655" ind1=" " ind2="7">
            <marc:subfield code="a">Octavo format (Printing)</marc:subfield>
            <marc:subfield code="2">rbpri</marc:subfield>
        </marc:datafield>
        <marc:datafield tag="655" ind1=" " ind2="7">
            <marc:subfield code="a">Vellum bindings (Binding)</marc:subfield>
            <marc:subfield code="2">rbbin</marc:subfield>
            <marc:subfield code="5">MMeT</marc:subfield>
        </marc:datafield>
        <marc:datafield tag="655" ind1=" " ind2="7">
            <marc:subfield code="a">Autographs (Provenance)</marc:subfield>
            <marc:subfield code="2">rbprov</marc:subfield>
            <marc:subfield code="5">MMeT</marc:subfield>
        </marc:datafield>
        <marc:datafield tag="700" ind1="1" ind2=" ">
            <marc:subfield code="a">Wechel, Andreas,</marc:subfield>
            <marc:subfield code="d">-1581.</marc:subfield>
        </marc:datafield>
        <marc:datafield tag="752" ind1=" " ind2=" ">
            <marc:subfield code="a">France</marc:subfield>
            <marc:subfield code="d">Paris.</marc:subfield>
        </marc:datafield>
        <marc:datafield tag="907" ind1=" " ind2=" ">
            <marc:subfield code="a">.b24207299</marc:subfield>
            <marc:subfield code="b">02-07-14</marc:subfield>
            <marc:subfield code="c">11-07-12</marc:subfield>
        </marc:datafield>
        <marc:datafield tag="998" ind1=" " ind2=" ">
            <marc:subfield code="a">t</marc:subfield>
            <marc:subfield code="b">02-07-14</marc:subfield>
            <marc:subfield code="c">c</marc:subfield>
            <marc:subfield code="d">a</marc:subfield>
            <marc:subfield code="e">-</marc:subfield>
            <marc:subfield code="f">lat</marc:subfield>
            <marc:subfield code="g">fr </marc:subfield>
            <marc:subfield code="h">0</marc:subfield>
            <marc:subfield code="i">0</marc:subfield>
        </marc:datafield>
        <marc:datafield tag="910" ind1=" " ind2=" ">
            <marc:subfield code="a">66 01/2014 </marc:subfield>
        </marc:datafield>
        <marc:datafield tag="910" ind1=" " ind2=" ">
            <marc:subfield code="a">NO LTI </marc:subfield>
        </marc:datafield>
        <marc:datafield tag="994" ind1=" " ind2=" ">
            <marc:subfield code="a">C0</marc:subfield>
            <marc:subfield code="b">TFW</marc:subfield>
        </marc:datafield>
        <marc:datafield tag="945" ind1=" " ind2=" ">
            <marc:subfield code="a">QM21</marc:subfield>
            <marc:subfield code="b">.C65 1572     </marc:subfield>
            <marc:subfield code="g">1</marc:subfield>
            <marc:subfield code="i">39090011364110</marc:subfield>
            <marc:subfield code="l">ta   </marc:subfield>
            <marc:subfield code="o">-</marc:subfield>
            <marc:subfield code="p">$0.00</marc:subfield>
            <marc:subfield code="q">-</marc:subfield>
            <marc:subfield code="r">-</marc:subfield>
            <marc:subfield code="s">o</marc:subfield>
            <marc:subfield code="t">0</marc:subfield>
            <marc:subfield code="u">0</marc:subfield>
            <marc:subfield code="v">0</marc:subfield>
            <marc:subfield code="w">0</marc:subfield>
            <marc:subfield code="x">0</marc:subfield>
            <marc:subfield code="y">.i21432879</marc:subfield>
            <marc:subfield code="z">08-17-12</marc:subfield>
        </marc:datafield>
    </marc:record>