
    <marc:record>
        <marc:leader>01941cam a2200445Ia 4500</marc:leader>
        <marc:controlfield tag="001">ocm03417122</marc:controlfield>
        <marc:controlfield tag="003">OCoLC</marc:controlfield>
        <marc:controlfield tag="005">20121211094333.0</marc:controlfield>
        <marc:controlfield tag="008">771114s1733    it acef       000 0 ita  </marc:controlfield>
        <marc:datafield tag="010" ind1=" " ind2=" ">
            <marc:subfield code="a">47034773</marc:subfield>
        </marc:datafield>
        <marc:datafield tag="035" ind1=" " ind2=" ">
            <marc:subfield code="a">(OCoLC)3417122</marc:subfield>
        </marc:datafield>
        <marc:datafield tag="040" ind1=" " ind2=" ">
            <marc:subfield code="a">DLC</marc:subfield>
            <marc:subfield code="c">JHE</marc:subfield>
            <marc:subfield code="d">JHE</marc:subfield>
            <marc:subfield code="d">OCLCG</marc:subfield>
            <marc:subfield code="d">JPG</marc:subfield>
            <marc:subfield code="d">TFW</marc:subfield>
            <marc:subfield code="e">dcrmb</marc:subfield>
        </marc:datafield>
        <marc:datafield tag="049" ind1=" " ind2=" ">
            <marc:subfield code="a">TFWW</marc:subfield>
        </marc:datafield>
        <marc:datafield tag="050" ind1="0" ind2="4">
            <marc:subfield code="a">NA6840.I8</marc:subfield>
            <marc:subfield code="b">V63</marc:subfield>
        </marc:datafield>
        <marc:datafield tag="090" ind1=" " ind2=" ">
            <marc:subfield code="a">NA6840.I8</marc:subfield>
            <marc:subfield code="b">V63 1733</marc:subfield>
        </marc:datafield>
        <marc:datafield tag="100" ind1="1" ind2=" ">
            <marc:subfield code="a">Montenari, Giovanni,</marc:subfield>
            <marc:subfield code="c">conte,</marc:subfield>
            <marc:subfield code="d">1698-1767.</marc:subfield>
        </marc:datafield>
        <marc:datafield tag="245" ind1="1" ind2="0">
            <marc:subfield code="a">Del Teatro olimpico di Andrea Palladio in Vicenza /</marc:subfield>
            <marc:subfield code="c">Discorso del signor conte Giovanni Montenari Vicentino.</marc:subfield>
        </marc:datafield>
        <marc:datafield tag="260" ind1=" " ind2=" ">
            <marc:subfield code="a">In Padova [Padua, Italy],</marc:subfield>
            <marc:subfield code="b">per Giovambattista Conzatti,</marc:subfield>
            <marc:subfield code="c">MDCCXXXIII [1733]</marc:subfield>
        </marc:datafield>
        <marc:datafield tag="300" ind1=" " ind2=" ">
            <marc:subfield code="a">84, [4] p., [6] leaves of plates (5 folded) :</marc:subfield>
            <marc:subfield code="b">ill., port., plans ;</marc:subfield>
            <marc:subfield code="c">22 cm (8vo)</marc:subfield>
        </marc:datafield>
        <marc:datafield tag="500" ind1=" " ind2=" ">
            <marc:subfield code="a">Errata: p. [1] at end; final [3] p. blank.</marc:subfield>
        </marc:datafield>
        <marc:datafield tag="500" ind1=" " ind2=" ">
            <marc:subfield code="a">Signatures: A-E⁸F⁴.</marc:subfield>
        </marc:datafield>
        <marc:datafield tag="500" ind1=" " ind2=" ">
            <marc:subfield code="a">Plates by Francesco Zucchi; frontpiece portrait of Palladio designed by Giovanni Battista Mariotti.</marc:subfield>
        </marc:datafield>
        <marc:datafield tag="563" ind1=" " ind2=" ">
            <marc:subfield code="a">Tisch Library Special Collections copy: Quarter bound in 19th century vellum and marbled boards.</marc:subfield>
            <marc:subfield code="5">MMeT</marc:subfield>
        </marc:datafield>
        <marc:datafield tag="506" ind1=" " ind2=" ">
            <marc:subfield code="a">Access restricted: Apply to the curator of rare books.</marc:subfield>
            <marc:subfield code="5">MMeT</marc:subfield>
        </marc:datafield>
        <marc:datafield tag="600" ind1="1" ind2="0">
            <marc:subfield code="a">Palladio, Andrea,</marc:subfield>
            <marc:subfield code="d">1508-1580.</marc:subfield>
        </marc:datafield>
        <marc:datafield tag="610" ind1="2" ind2="0">
            <marc:subfield code="a">Teatro olimpico (Vicenza, Italy)</marc:subfield>
        </marc:datafield>
        <marc:datafield tag="650" ind1=" " ind2="0">
            <marc:subfield code="a">Theater architecture</marc:subfield>
            <marc:subfield code="z">Italy</marc:subfield>
            <marc:subfield code="z">Vicenza.</marc:subfield>
        </marc:datafield>
        <marc:datafield tag="651" ind1=" " ind2="0">
            <marc:subfield code="a">Vicenza (Italy)</marc:subfield>
            <marc:subfield code="x">Buildings, structures, etc.</marc:subfield>
        </marc:datafield>
        <marc:datafield tag="655" ind1=" " ind2="7">
            <marc:subfield code="a">Engravings</marc:subfield>
            <marc:subfield code="z">Italy</marc:subfield>
            <marc:subfield code="y">18th century.</marc:subfield>
            <marc:subfield code="2">aat</marc:subfield>
        </marc:datafield>
        <marc:datafield tag="655" ind1=" " ind2="7">
            <marc:subfield code="a">Vellum bindings (Binding)</marc:subfield>
            <marc:subfield code="2">rbbin</marc:subfield>
            <marc:subfield code="5">MMeT</marc:subfield>
        </marc:datafield>
        <marc:datafield tag="655" ind1=" " ind2="7">
            <marc:subfield code="a">Quarter bindings (Binding)</marc:subfield>
            <marc:subfield code="2">rbbin</marc:subfield>
            <marc:subfield code="5">MMeT</marc:subfield>
        </marc:datafield>
        <marc:datafield tag="655" ind1=" " ind2="7">
            <marc:subfield code="a">Octavo format (Printing)</marc:subfield>
            <marc:subfield code="2">rbpri</marc:subfield>
        </marc:datafield>
        <marc:datafield tag="700" ind1="1" ind2=" ">
            <marc:subfield code="a">Zucchi, Francesco,</marc:subfield>
            <marc:subfield code="d">1692-1764,</marc:subfield>
            <marc:subfield code="e">engraver.</marc:subfield>
        </marc:datafield>
        <marc:datafield tag="752" ind1=" " ind2=" ">
            <marc:subfield code="a">Italy</marc:subfield>
            <marc:subfield code="d">Padua.</marc:subfield>
        </marc:datafield>
        <marc:datafield tag="907" ind1=" " ind2=" ">
            <marc:subfield code="a">.b24227067</marc:subfield>
            <marc:subfield code="b">02-10-14</marc:subfield>
            <marc:subfield code="c">11-26-12</marc:subfield>
        </marc:datafield>
        <marc:datafield tag="998" ind1=" " ind2=" ">
            <marc:subfield code="a">t</marc:subfield>
            <marc:subfield code="b">02-07-14</marc:subfield>
            <marc:subfield code="c">m</marc:subfield>
            <marc:subfield code="d">a</marc:subfield>
            <marc:subfield code="e">-</marc:subfield>
            <marc:subfield code="f">ita</marc:subfield>
            <marc:subfield code="g">it </marc:subfield>
            <marc:subfield code="h">0</marc:subfield>
            <marc:subfield code="i">1</marc:subfield>
        </marc:datafield>
        <marc:datafield tag="910" ind1=" " ind2=" ">
            <marc:subfield code="a">66 01/2014 </marc:subfield>
        </marc:datafield>
        <marc:datafield tag="910" ind1=" " ind2=" ">
            <marc:subfield code="a">NO LTI </marc:subfield>
        </marc:datafield>
        <marc:datafield tag="994" ind1=" " ind2=" ">
            <marc:subfield code="a">C0</marc:subfield>
            <marc:subfield code="b">TFW</marc:subfield>
        </marc:datafield>
        <marc:datafield tag="945" ind1=" " ind2=" ">
            <marc:subfield code="a">NA6840.I8</marc:subfield>
            <marc:subfield code="b">V63 1733   </marc:subfield>
            <marc:subfield code="g">1</marc:subfield>
            <marc:subfield code="i">39090016143394</marc:subfield>
            <marc:subfield code="l">ta   </marc:subfield>
            <marc:subfield code="o">-</marc:subfield>
            <marc:subfield code="p">$0.00</marc:subfield>
            <marc:subfield code="q">-</marc:subfield>
            <marc:subfield code="r">-</marc:subfield>
            <marc:subfield code="s">o</marc:subfield>
            <marc:subfield code="t">0</marc:subfield>
            <marc:subfield code="u">0</marc:subfield>
            <marc:subfield code="v">0</marc:subfield>
            <marc:subfield code="w">0</marc:subfield>
            <marc:subfield code="x">0</marc:subfield>
            <marc:subfield code="y">.i21568522</marc:subfield>
            <marc:subfield code="z">12-04-12</marc:subfield>
        </marc:datafield>
    </marc:record>