
    <marc:record>
        <marc:leader>02983cam a2200505L  4500</marc:leader>
        <marc:controlfield tag="001">ocm84746366</marc:controlfield>
        <marc:controlfield tag="003">OCoLC</marc:controlfield>
        <marc:controlfield tag="005">20130410093952.0</marc:controlfield>
        <marc:controlfield tag="008">901219s1604    enk           000 0 eng d</marc:controlfield>
        <marc:datafield tag="035" ind1=" " ind2=" ">
            <marc:subfield code="a">(OCoLC)84746366</marc:subfield>
        </marc:datafield>
        <marc:datafield tag="040" ind1=" " ind2=" ">
            <marc:subfield code="a">Cu-RivES</marc:subfield>
            <marc:subfield code="e">dcrb</marc:subfield>
            <marc:subfield code="c">HUV</marc:subfield>
            <marc:subfield code="d">OCLCG</marc:subfield>
            <marc:subfield code="d">TFW</marc:subfield>
            <marc:subfield code="e">dcrmb</marc:subfield>
        </marc:datafield>
        <marc:datafield tag="049" ind1=" " ind2=" ">
            <marc:subfield code="a">TFWW</marc:subfield>
        </marc:datafield>
        <marc:datafield tag="090" ind1=" " ind2=" ">
            <marc:subfield code="a">DA391</marc:subfield>
            <marc:subfield code="b">.H37 1604</marc:subfield>
        </marc:datafield>
        <marc:datafield tag="100" ind1="1" ind2=" ">
            <marc:subfield code="a">Harry, George Owen.</marc:subfield>
        </marc:datafield>
        <marc:datafield tag="245" ind1="1" ind2="4">
            <marc:subfield code="a">The genealogy of the high and mighty monarch, Iames, by the grace of God, king of great Brittayne, &amp;c. :</marc:subfield>
            <marc:subfield code="b">with his lineall descent from Noah, by diuers direct lynes to Brutus, first inhabiter of this ile of Brittayne ... wherein is playnly shewed his rightfull title ... /</marc:subfield>
            <marc:subfield code="c">Gathered by George Owen Harry, parson of Whitchurch in Kemeis, at the request of M. Robert Holland.</marc:subfield>
        </marc:datafield>
        <marc:datafield tag="246" ind1="2" ind2=" ">
            <marc:subfield code="a">Genealogy of the high and mighty monarch, James</marc:subfield>
        </marc:datafield>
        <marc:datafield tag="246" ind1="2" ind2=" ">
            <marc:subfield code="a">Genealogy of the high and mighty monarch, James, by the grace of God, king of great Brittayne, &amp;c</marc:subfield>
        </marc:datafield>
        <marc:datafield tag="260" ind1=" " ind2=" ">
            <marc:subfield code="a">London :</marc:subfield>
            <marc:subfield code="b">Imprinted by Simon Stafford, for Thomas Salisbury,</marc:subfield>
            <marc:subfield code="c">1604.</marc:subfield>
        </marc:datafield>
        <marc:datafield tag="300" ind1=" " ind2=" ">
            <marc:subfield code="a">[2], 40, 49-67, [1] p., [9] leaves of plates (1 folded) ;</marc:subfield>
            <marc:subfield code="c">20 cm (4to)</marc:subfield>
        </marc:datafield>
        <marc:datafield tag="500" ind1=" " ind2=" ">
            <marc:subfield code="a">The plates are numbered 42-48, 70, and 73.</marc:subfield>
        </marc:datafield>
        <marc:datafield tag="500" ind1=" " ind2=" ">
            <marc:subfield code="a">Tisch Library Special Collections copy imperfect: wanting plate 73.</marc:subfield>
            <marc:subfield code="5">MMeT</marc:subfield>
        </marc:datafield>
        <marc:datafield tag="500" ind1=" " ind2=" ">
            <marc:subfield code="a">Variant: with an added leaf of dedication to James I.</marc:subfield>
        </marc:datafield>
        <marc:datafield tag="500" ind1=" " ind2=" ">
            <marc:subfield code="a">Signatures: (a)-(g)⁴ (h)⁴(-(h)4)</marc:subfield>
        </marc:datafield>
        <marc:datafield tag="510" ind1="4" ind2=" ">
            <marc:subfield code="a">STC (2nd ed.),</marc:subfield>
            <marc:subfield code="c">12872</marc:subfield>
        </marc:datafield>
        <marc:datafield tag="510" ind1="4" ind2=" ">
            <marc:subfield code="a">ESTC (RLIN),</marc:subfield>
            <marc:subfield code="c">S103822</marc:subfield>
        </marc:datafield>
        <marc:datafield tag="520" ind1=" " ind2=" ">
            <marc:subfield code="a">According to the National Library of Wales, a few copies of this printed book have survived, but perfect copies are exceedingly rare. Furthermore, the state of many of the surviving copies is generally poor. Gives the descent of King James from Noah, with brief biographies of each progenitor.</marc:subfield>
        </marc:datafield>
        <marc:datafield tag="541" ind1="1" ind2=" ">
            <marc:subfield code="c">Gift ;</marc:subfield>
            <marc:subfield code="a">Walter F. Welch, class of 1928 ;</marc:subfield>
            <marc:subfield code="d">1928-1966.</marc:subfield>
            <marc:subfield code="5">MMeT</marc:subfield>
        </marc:datafield>
        <marc:datafield tag="561" ind1=" " ind2=" ">
            <marc:subfield code="a">Tisch Library Special Collections copy: Armorial bookplate (motto: Vitam impendere vero) of Sinckler Porter.</marc:subfield>
            <marc:subfield code="5">MMeT </marc:subfield>
        </marc:datafield>
        <marc:datafield tag="563" ind1=" " ind2=" ">
            <marc:subfield code="a">Tisch Library Special Collections copy: Bound in 20th century [?] blue leather.</marc:subfield>
            <marc:subfield code="5">MMeT </marc:subfield>
        </marc:datafield>
        <marc:datafield tag="506" ind1=" " ind2=" ">
            <marc:subfield code="a">Access restricted: Apply to the curator of rare books.</marc:subfield>
            <marc:subfield code="5">MMeT</marc:subfield>
        </marc:datafield>
        <marc:datafield tag="600" ind1="0" ind2="0">
            <marc:subfield code="a">James</marc:subfield>
            <marc:subfield code="b">I,</marc:subfield>
            <marc:subfield code="c">King of England,</marc:subfield>
            <marc:subfield code="d">1566-1625</marc:subfield>
            <marc:subfield code="v">Early works to 1800.</marc:subfield>
        </marc:datafield>
        <marc:datafield tag="600" ind1="3" ind2="0">
            <marc:subfield code="a">Stuart, House of</marc:subfield>
            <marc:subfield code="v">Genealogy</marc:subfield>
            <marc:subfield code="v">Early works to 1800.</marc:subfield>
        </marc:datafield>
        <marc:datafield tag="651" ind1=" " ind2="0">
            <marc:subfield code="a">Great Britain</marc:subfield>
            <marc:subfield code="x">Kings and rulers</marc:subfield>
            <marc:subfield code="v">Early works to 1800.</marc:subfield>
        </marc:datafield>
        <marc:datafield tag="655" ind1=" " ind2="7">
            <marc:subfield code="a">Genealogies</marc:subfield>
            <marc:subfield code="z">England</marc:subfield>
            <marc:subfield code="z">London</marc:subfield>
            <marc:subfield code="y">17th century.</marc:subfield>
            <marc:subfield code="2">rbgenr</marc:subfield>
        </marc:datafield>
        <marc:datafield tag="655" ind1=" " ind2="7">
            <marc:subfield code="a">Quarto format (Printing)</marc:subfield>
            <marc:subfield code="2">rbpri</marc:subfield>
        </marc:datafield>
        <marc:datafield tag="700" ind1="1" ind2=" ">
            <marc:subfield code="a">Stafford, Simon,</marc:subfield>
            <marc:subfield code="d">active 1596-1626,</marc:subfield>
            <marc:subfield code="e">printer.</marc:subfield>
        </marc:datafield>
        <marc:datafield tag="700" ind1="1" ind2=" ">
            <marc:subfield code="a">Salisbury, Thomas,</marc:subfield>
            <marc:subfield code="d">1567?-1620?,</marc:subfield>
            <marc:subfield code="e">bookseller.</marc:subfield>
        </marc:datafield>
        <marc:datafield tag="700" ind1="1" ind2=" ">
            <marc:subfield code="a">Welch, Walter F.,</marc:subfield>
            <marc:subfield code="e">former owner.</marc:subfield>
            <marc:subfield code="5">MMeT</marc:subfield>
        </marc:datafield>
        <marc:datafield tag="700" ind1="1" ind2=" ">
            <marc:subfield code="a">Porter, Sinckler,</marc:subfield>
            <marc:subfield code="e">former owner.</marc:subfield>
            <marc:subfield code="5">MMeT</marc:subfield>
        </marc:datafield>
        <marc:datafield tag="752" ind1=" " ind2=" ">
            <marc:subfield code="a">Great Britain</marc:subfield>
            <marc:subfield code="b">England</marc:subfield>
            <marc:subfield code="d">London.</marc:subfield>
        </marc:datafield>
        <marc:datafield tag="907" ind1=" " ind2=" ">
            <marc:subfield code="a">.b24293854</marc:subfield>
            <marc:subfield code="b">02-22-14</marc:subfield>
            <marc:subfield code="c">12-04-12</marc:subfield>
        </marc:datafield>
        <marc:datafield tag="998" ind1=" " ind2=" ">
            <marc:subfield code="a">t</marc:subfield>
            <marc:subfield code="b">02-04-14</marc:subfield>
            <marc:subfield code="c">m</marc:subfield>
            <marc:subfield code="d">a</marc:subfield>
            <marc:subfield code="e">-</marc:subfield>
            <marc:subfield code="f">eng</marc:subfield>
            <marc:subfield code="g">enk</marc:subfield>
            <marc:subfield code="h">4</marc:subfield>
            <marc:subfield code="i">0</marc:subfield>
        </marc:datafield>
        <marc:datafield tag="910" ind1=" " ind2=" ">
            <marc:subfield code="a">66 04/2013</marc:subfield>
        </marc:datafield>
        <marc:datafield tag="994" ind1=" " ind2=" ">
            <marc:subfield code="a">C0</marc:subfield>
            <marc:subfield code="b">TFW</marc:subfield>
        </marc:datafield>
        <marc:datafield tag="945" ind1=" " ind2=" ">
            <marc:subfield code="a">DA391</marc:subfield>
            <marc:subfield code="b">.H37 1604</marc:subfield>
            <marc:subfield code="g">0</marc:subfield>
            <marc:subfield code="i">39090014975581</marc:subfield>
            <marc:subfield code="l">ta   </marc:subfield>
            <marc:subfield code="p">$0.00</marc:subfield>
            <marc:subfield code="s">o</marc:subfield>
            <marc:subfield code="t">0</marc:subfield>
            <marc:subfield code="u">0</marc:subfield>
            <marc:subfield code="v">0</marc:subfield>
            <marc:subfield code="w">0</marc:subfield>
            <marc:subfield code="x">0</marc:subfield>
            <marc:subfield code="y">.i21568157</marc:subfield>
            <marc:subfield code="z">12-04-12</marc:subfield>
        </marc:datafield>
    </marc:record>