
    <marc:record>
        <marc:leader>02338cam a22005531a 4500</marc:leader>
        <marc:controlfield tag="001">ocm04410436</marc:controlfield>
        <marc:controlfield tag="003">OCoLC</marc:controlfield>
        <marc:controlfield tag="005">20130819115231.0</marc:controlfield>
        <marc:controlfield tag="008">781130s1914    it af    b    001 0 ita  </marc:controlfield>
        <marc:datafield tag="010" ind1=" " ind2=" ">
            <marc:subfield code="a">15005577</marc:subfield>
        </marc:datafield>
        <marc:datafield tag="016" ind1="7" ind2=" ">
            <marc:subfield code="a">000076351</marc:subfield>
            <marc:subfield code="2">Uk</marc:subfield>
        </marc:datafield>
        <marc:datafield tag="016" ind1="7" ind2=" ">
            <marc:subfield code="a">000076351</marc:subfield>
            <marc:subfield code="2">Uk</marc:subfield>
        </marc:datafield>
        <marc:datafield tag="035" ind1=" " ind2=" ">
            <marc:subfield code="a">(OCoLC)4410436</marc:subfield>
        </marc:datafield>
        <marc:datafield tag="040" ind1=" " ind2=" ">
            <marc:subfield code="a">DLC</marc:subfield>
            <marc:subfield code="b">eng</marc:subfield>
            <marc:subfield code="c">CLE</marc:subfield>
            <marc:subfield code="d">DLC</marc:subfield>
            <marc:subfield code="d">CUY</marc:subfield>
            <marc:subfield code="d">UKMGB</marc:subfield>
            <marc:subfield code="d">OCLCO</marc:subfield>
            <marc:subfield code="d">TFW</marc:subfield>
            <marc:subfield code="e">dcrmb</marc:subfield>
        </marc:datafield>
        <marc:datafield tag="042" ind1=" " ind2=" ">
            <marc:subfield code="a">premarc</marc:subfield>
        </marc:datafield>
        <marc:datafield tag="043" ind1=" " ind2=" ">
            <marc:subfield code="a">e-it---</marc:subfield>
        </marc:datafield>
        <marc:datafield tag="049" ind1=" " ind2=" ">
            <marc:subfield code="a">TFWW</marc:subfield>
        </marc:datafield>
        <marc:datafield tag="050" ind1="0" ind2="0">
            <marc:subfield code="a">ND3161.F7</marc:subfield>
            <marc:subfield code="b">A5</marc:subfield>
        </marc:datafield>
        <marc:datafield tag="082" ind1="0" ind2="4">
            <marc:subfield code="a">758</marc:subfield>
            <marc:subfield code="b">An22m</marc:subfield>
        </marc:datafield>
        <marc:datafield tag="090" ind1=" " ind2=" ">
            <marc:subfield code="a">ND3161.F7</marc:subfield>
            <marc:subfield code="b">A5 1914</marc:subfield>
        </marc:datafield>
        <marc:datafield tag="100" ind1="1" ind2=" ">
            <marc:subfield code="a">D'Ancona, Paolo.</marc:subfield>
        </marc:datafield>
        <marc:datafield tag="245" ind1="1" ind2="3">
            <marc:subfield code="a">La miniatura Fiorentina (secoli XI-XVI) /</marc:subfield>
            <marc:subfield code="c">Paolo D'Ancona.</marc:subfield>
        </marc:datafield>
        <marc:datafield tag="260" ind1=" " ind2=" ">
            <marc:subfield code="a">Firenze :</marc:subfield>
            <marc:subfield code="b">Leo S. Olschki, Editore,</marc:subfield>
            <marc:subfield code="c">MCMXIV [1914]</marc:subfield>
        </marc:datafield>
        <marc:datafield tag="300" ind1=" " ind2=" ">
            <marc:subfield code="a">2 v :</marc:subfield>
            <marc:subfield code="b">ill. ;</marc:subfield>
            <marc:subfield code="c">41 cm (fol.)</marc:subfield>
        </marc:datafield>
        <marc:datafield tag="500" ind1=" " ind2=" ">
            <marc:subfield code="a">Vol. I in portfolio, with CIX [109] plates.</marc:subfield>
        </marc:datafield>
        <marc:datafield tag="500" ind1=" " ind2=" ">
            <marc:subfield code="a">&quot;Edizione di 399 esemplari. No.    .&quot;</marc:subfield>
        </marc:datafield>
        <marc:datafield tag="500" ind1=" " ind2=" ">
            <marc:subfield code="a">&quot;Elenco delle citazioni in forma abbreviata&quot;: v. 2, 3d prelim. leaf.</marc:subfield>
        </marc:datafield>
        <marc:datafield tag="504" ind1=" " ind2=" ">
            <marc:subfield code="a">Includes bibliographical references and index.</marc:subfield>
        </marc:datafield>
        <marc:datafield tag="505" ind1="0" ind2=" ">
            <marc:subfield code="a">I. Testo e tavole. -- II. Catalogo descrittivo.</marc:subfield>
        </marc:datafield>
        <marc:datafield tag="510" ind1="4" ind2=" ">
            <marc:subfield code="a">Chamberlain</marc:subfield>
            <marc:subfield code="c">1299</marc:subfield>
        </marc:datafield>
        <marc:datafield tag="520" ind1=" " ind2=" ">
            <marc:subfield code="a">Text and detailed critical catalog of Florentine illuminations of the Middle Ages and Renaissance.</marc:subfield>
        </marc:datafield>
        <marc:datafield tag="561" ind1=" " ind2=" ">
            <marc:subfield code="a">Tisch Library Special Collections Copy: Bookplate: Ex libris Petri Ginori-Conti.</marc:subfield>
            <marc:subfield code="5">MMeT</marc:subfield>
        </marc:datafield>
        <marc:datafield tag="563" ind1=" " ind2=" ">
            <marc:subfield code="a">Tisch Library Special Collections Copy: Uncut, in original wrappers and boards.</marc:subfield>
            <marc:subfield code="5">MMeT</marc:subfield>
        </marc:datafield>
        <marc:datafield tag="506" ind1=" " ind2=" ">
            <marc:subfield code="a">Access restricted: Apply to the curator of rare books.</marc:subfield>
            <marc:subfield code="5">MMeT</marc:subfield>
        </marc:datafield>
        <marc:datafield tag="655" ind1=" " ind2="7">
            <marc:subfield code="a">Folio format (Printing)</marc:subfield>
            <marc:subfield code="2">rbpri</marc:subfield>
        </marc:datafield>
        <marc:datafield tag="650" ind1=" " ind2="0">
            <marc:subfield code="a">Illumination of books and manuscripts</marc:subfield>
            <marc:subfield code="z">Italy</marc:subfield>
            <marc:subfield code="z">Florence</marc:subfield>
            <marc:subfield code="x">History.</marc:subfield>
        </marc:datafield>
        <marc:datafield tag="650" ind1=" " ind2="0">
            <marc:subfield code="a">Illumination of books and manuscripts</marc:subfield>
            <marc:subfield code="v">Specimens.</marc:subfield>
        </marc:datafield>
        <marc:datafield tag="650" ind1=" " ind2="0">
            <marc:subfield code="a">Manuscripts</marc:subfield>
            <marc:subfield code="v">Catalogs.</marc:subfield>
        </marc:datafield>
        <marc:datafield tag="655" ind1=" " ind2="7">
            <marc:subfield code="a">Folio format (Printing)</marc:subfield>
            <marc:subfield code="2">rbpri</marc:subfield>
        </marc:datafield>
        <marc:datafield tag="655" ind1=" " ind2="7">
            <marc:subfield code="a">Bookplates (Provenance)</marc:subfield>
            <marc:subfield code="2">rbprov</marc:subfield>
            <marc:subfield code="5">MMeT</marc:subfield>
        </marc:datafield>
        <marc:datafield tag="655" ind1=" " ind2="7">
            <marc:subfield code="a">Untrimmed edges (Paper</marc:subfield>
            <marc:subfield code="5">2rbpap</marc:subfield>
            <marc:subfield code="5">MMeT</marc:subfield>
        </marc:datafield>
        <marc:datafield tag="700" ind1="1" ind2=" ">
            <marc:subfield code="a">Ginori Conti, Piero,</marc:subfield>
            <marc:subfield code="d">1865-1939,</marc:subfield>
            <marc:subfield code="e">former owner.</marc:subfield>
            <marc:subfield code="5">MMeT</marc:subfield>
        </marc:datafield>
        <marc:datafield tag="907" ind1=" " ind2=" ">
            <marc:subfield code="a">.b25215097</marc:subfield>
            <marc:subfield code="b">02-10-14</marc:subfield>
            <marc:subfield code="c">07-29-13</marc:subfield>
        </marc:datafield>
        <marc:datafield tag="998" ind1=" " ind2=" ">
            <marc:subfield code="a">t</marc:subfield>
            <marc:subfield code="b">02-10-14</marc:subfield>
            <marc:subfield code="c">m</marc:subfield>
            <marc:subfield code="d">a</marc:subfield>
            <marc:subfield code="e">-</marc:subfield>
            <marc:subfield code="f">ita</marc:subfield>
            <marc:subfield code="g">it </marc:subfield>
            <marc:subfield code="h">3</marc:subfield>
            <marc:subfield code="i">3</marc:subfield>
        </marc:datafield>
        <marc:datafield tag="910" ind1=" " ind2=" ">
            <marc:subfield code="a">66 01/2014 </marc:subfield>
        </marc:datafield>
        <marc:datafield tag="910" ind1=" " ind2=" ">
            <marc:subfield code="a">NO LTI </marc:subfield>
        </marc:datafield>
        <marc:datafield tag="994" ind1=" " ind2=" ">
            <marc:subfield code="a">C0</marc:subfield>
            <marc:subfield code="b">TFW</marc:subfield>
        </marc:datafield>
        <marc:datafield tag="945" ind1=" " ind2=" ">
            <marc:subfield code="a">ND3161.F7</marc:subfield>
            <marc:subfield code="b">A5 1914   </marc:subfield>
            <marc:subfield code="c">vol.1</marc:subfield>
            <marc:subfield code="g">1</marc:subfield>
            <marc:subfield code="i">39090016518785</marc:subfield>
            <marc:subfield code="l">taf  </marc:subfield>
            <marc:subfield code="p">$0.00</marc:subfield>
            <marc:subfield code="s">o</marc:subfield>
            <marc:subfield code="t">0</marc:subfield>
            <marc:subfield code="u">0</marc:subfield>
            <marc:subfield code="v">0</marc:subfield>
            <marc:subfield code="w">0</marc:subfield>
            <marc:subfield code="x">0</marc:subfield>
            <marc:subfield code="y">.i21810722</marc:subfield>
            <marc:subfield code="z">08-19-13</marc:subfield>
        </marc:datafield>
        <marc:datafield tag="945" ind1=" " ind2=" ">
            <marc:subfield code="a">ND3161.F7</marc:subfield>
            <marc:subfield code="b">A5 1914   </marc:subfield>
            <marc:subfield code="c">vol.2</marc:subfield>
            <marc:subfield code="g">1</marc:subfield>
            <marc:subfield code="i">39090016518900</marc:subfield>
            <marc:subfield code="l">taf  </marc:subfield>
            <marc:subfield code="p">$0.00</marc:subfield>
            <marc:subfield code="s">o</marc:subfield>
            <marc:subfield code="t">0</marc:subfield>
            <marc:subfield code="u">0</marc:subfield>
            <marc:subfield code="v">0</marc:subfield>
            <marc:subfield code="w">0</marc:subfield>
            <marc:subfield code="x">0</marc:subfield>
            <marc:subfield code="y">.i21810746</marc:subfield>
            <marc:subfield code="z">08-19-13</marc:subfield>
        </marc:datafield>
    </marc:record>